{'trade_seq': 60, 'trade_id': '62529287', 'timestamp': 1582296978501, 'tick_direction': 2, 'price': 0.0255, 'iv': 49.69, 'instrument_name': 'BTC-28FEB20-9750-C', 'index_price': 9688.27, 'direction': 'sell', 'amount': 0.2}
{'trade_seq': 1303, 'trade_id': '62528704', 'timestamp': 1582296817701, 'tick_direction': 3, 'price': 0.016, 'iv': 50.16, 'instrument_name': 'BTC-28FEB20-10000-C', 'index_price': 9703.63, 'direction': 'sell', 'amount': 10.0}
{'trade_seq': 475, 'trade_id': '62528684', 'timestamp': 1582296789442, 'tick_direction': 3, 'price': 0.0015, 'iv': 68.82, 'instrument_name': 'BTC-28FEB20-11500-C', 'index_price': 9702.44, 'direction': 'sell', 'amount': 0.2}
{'trade_seq': 1302, 'trade_id': '62528663', 'timestamp': 1582296780931, 'tick_direction': 2, 'price': 0.016, 'iv': 50.15, 'instrument_name': 'BTC-28FEB20-10000-C', 'index_price': 9702.54, 'direction': 'sell', 'amount': 5.0}
{'trade_seq': 1301, 'trade_id': '62528634', 'timestamp': 1582296760839, 'tick_direction': 2, 'price': 0.0165, 'iv': 51.11, 'instrument_name': 'BTC-28FEB20-10000-C', 'index_price': 9703.89, 'direction': 'sell', 'amount': 5.0}
{'trade_seq': 59, 'trade_id': '62528622', 'timestamp': 1582296753360, 'tick_direction': 2, 'price': 0.0275, 'iv': 52.39, 'instrument_name': 'BTC-28FEB20-9750-C', 'index_price': 9700.81, 'direction': 'buy', 'amount': 0.7}
{'trade_seq': 1065, 'trade_id': '62527731', 'timestamp': 1582296159468, 'tick_direction': 0, 'price': 0.015, 'iv': 48.22, 'instrument_name': 'BTC-28FEB20-9500-P', 'index_price': 9715.78, 'direction': 'sell', 'amount': 0.1}
{'trade_seq': 63, 'trade_id': '62527200', 'timestamp': 1582295938164, 'tick_direction': 1, 'price': 0.0045, 'iv': 58.48, 'instrument_name': 'BTC-28FEB20-10750-C', 'index_price': 9721.88, 'direction': 'sell', 'amount': 10.0}
{'trade_seq': 62, 'trade_id': '62527199', 'timestamp': 1582295938164, 'tick_direction': 1, 'price': 0.0045, 'iv': 58.48, 'instrument_name': 'BTC-28FEB20-10750-C', 'index_price': 9721.88, 'direction': 'sell', 'amount': 9.9}
{'trade_seq': 200, 'trade_id': '62526754', 'timestamp': 1582295510251, 'tick_direction': 2, 'price': 0.0005, 'iv': 80.19, 'instrument_name': 'BTC-28FEB20-12500-C', 'index_price': 9736.95, 'direction': 'sell', 'amount': 2.0}
{'trade_seq': 1033, 'trade_id': '62529583', 'timestamp': 1582297159395, 'tick_direction': 1, 'price': 0.005, 'iv': 52.96, 'instrument_name': 'BTC-28FEB20-9000-P', 'index_price': 9688.36, 'direction': 'sell', 'amount': 2.0}
{'trade_seq': 70, 'trade_id': '62530331', 'timestamp': 1582297614189, 'tick_direction': 2, 'price': 0.0275, 'iv': 47.5, 'instrument_name': 'BTC-28FEB20-9750-P', 'index_price': 9682.91, 'direction': 'sell', 'amount': 14.0}
{'trade_seq': 69, 'trade_id': '62530330', 'timestamp': 1582297612209, 'tick_direction': 1, 'price': 0.028, 'iv': 48.43, 'instrument_name': 'BTC-28FEB20-9750-P', 'index_price': 9683.58, 'direction': 'buy', 'amount': 0.6}
{'trade_seq': 68, 'trade_id': '62530329', 'timestamp': 1582297612209, 'tick_direction': 0, 'price': 0.028, 'iv': 48.43, 'instrument_name': 'BTC-28FEB20-9750-P', 'index_price': 9683.58, 'direction': 'buy', 'amount': 0.6}
{'trade_seq': 61, 'trade_id': '62530560', 'timestamp': 1582297629752, 'tick_direction': 2, 'price': 0.025, 'iv': 49.67, 'instrument_name': 'BTC-28FEB20-9750-C', 'index_price': 9680.27, 'direction': 'sell', 'amount': 0.1}
{'trade_seq': 201, 'trade_id': '62530622', 'timestamp': 1582297671143, 'tick_direction': 3, 'price': 0.0005, 'iv': 81.93, 'instrument_name': 'BTC-28FEB20-12500-C', 'index_price': 9680.68, 'direction': 'sell', 'amount': 5.0}
{'trade_seq': 202, 'trade_id': '62530633', 'timestamp': 1582297687576, 'tick_direction': 3, 'price': 0.0005, 'iv': 81.93, 'instrument_name': 'BTC-28FEB20-12500-C', 'index_price': 9681.25, 'direction': 'sell', 'amount': 5.0}
{'trade_seq': 476, 'trade_id': '62530713', 'timestamp': 1582297870279, 'tick_direction': 3, 'price': 0.0015, 'iv': 69.44, 'instrument_name': 'BTC-28FEB20-11500-C', 'index_price': 9685.91, 'direction': 'sell', 'amount': 0.1}
{'trade_seq': 26, 'trade_id': '62530712', 'timestamp': 1582297870273, 'tick_direction': 3, 'price': 0.0015, 'iv': 62.09, 'instrument_name': 'BTC-28FEB20-11250-C', 'index_price': 9685.91, 'direction': 'sell', 'amount': 0.1}
{'trade_seq': 1034, 'trade_id': '62530711', 'timestamp': 1582297870267, 'tick_direction': 0, 'price': 0.0055, 'iv': 54.56, 'instrument_name': 'BTC-28FEB20-9000-P', 'index_price': 9685.91, 'direction': 'sell', 'amount': 0.1}
{'trade_seq': 49, 'trade_id': '62530710', 'timestamp': 1582297870244, 'tick_direction': 0, 'price': 0.0035, 'iv': 59.65, 'instrument_name': 'BTC-28FEB20-8750-P', 'index_price': 9685.91, 'direction': 'sell', 'amount': 0.1}
{'trade_seq': 880, 'trade_id': '62530709', 'timestamp': 1582297870233, 'tick_direction': 3, 'price': 0.002, 'iv': 63.04, 'instrument_name': 'BTC-28FEB20-8500-P', 'index_price': 9685.91, 'direction': 'sell', 'amount': 0.1}
{'trade_seq': 1304, 'trade_id': '62530778', 'timestamp': 1582297904326, 'tick_direction': 3, 'price': 0.016, 'iv': 51.29, 'instrument_name': 'BTC-28FEB20-10000-C', 'index_price': 9687.35, 'direction': 'buy', 'amount': 0.5}
{'trade_seq': 1305, 'trade_id': '62531078', 'timestamp': 1582298033446, 'tick_direction': 3, 'price': 0.016, 'iv': 50.26, 'instrument_name': 'BTC-28FEB20-10000-C', 'index_price': 9702.11, 'direction': 'sell', 'amount': 1.0}
{'trade_seq': 1035, 'trade_id': '62531178', 'timestamp': 1582298120160, 'tick_direction': 1, 'price': 0.0055, 'iv': 55.53, 'instrument_name': 'BTC-28FEB20-9000-P', 'index_price': 9705.86, 'direction': 'sell', 'amount': 0.2}
{'trade_seq': 732, 'trade_id': '62531244', 'timestamp': 1582298186207, 'tick_direction': 0, 'price': 0.0425, 'iv': 49.39, 'instrument_name': 'BTC-28FEB20-10000-P', 'index_price': 9707.73, 'direction': 'buy', 'amount': 1.4}
{'trade_seq': 1306, 'trade_id': '62531240', 'timestamp': 1582298183964, 'tick_direction': 0, 'price': 0.0165, 'iv': 50.9, 'instrument_name': 'BTC-28FEB20-10000-C', 'index_price': 9707.62, 'direction': 'buy', 'amount': 0.5}
{'trade_seq': 52, 'trade_id': '62531391', 'timestamp': 1582298397285, 'tick_direction': 1, 'price': 0.009, 'iv': 51.32, 'instrument_name': 'BTC-28FEB20-9250-P', 'index_price': 9708.92, 'direction': 'sell', 'amount': 0.1}
{'trade_seq': 62, 'trade_id': '62531505', 'timestamp': 1582298426763, 'tick_direction': 0, 'price': 0.0265, 'iv': 49.63, 'instrument_name': 'BTC-28FEB20-9750-C', 'index_price': 9711.45, 'direction': 'buy', 'amount': 0.5}
{'trade_seq': 58, 'trade_id': '62531559', 'timestamp': 1582298428568, 'tick_direction': 3, 'price': 0.01, 'iv': 52.03, 'instrument_name': 'BTC-28FEB20-10250-C', 'index_price': 9712.54, 'direction': 'buy', 'amount': 0.2}
{'trade_seq': 57, 'trade_id': '62531558', 'timestamp': 1582298428568, 'tick_direction': 2, 'price': 0.01, 'iv': 52.03, 'instrument_name': 'BTC-28FEB20-10250-C', 'index_price': 9712.54, 'direction': 'buy', 'amount': 0.5}
{'trade_seq': 50, 'trade_id': '62531535', 'timestamp': 1582298427154, 'tick_direction': 1, 'price': 0.0035, 'iv': 60.79, 'instrument_name': 'BTC-28FEB20-8750-P', 'index_price': 9711.45, 'direction': 'sell', 'amount': 0.6}
{'trade_seq': 63, 'trade_id': '62532300', 'timestamp': 1582299311512, 'tick_direction': 2, 'price': 0.0255, 'iv': 47.32, 'instrument_name': 'BTC-28FEB20-9750-C', 'index_price': 9717.36, 'direction': 'sell', 'amount': 0.1}
{'trade_seq': 71, 'trade_id': '62532464', 'timestamp': 1582299359751, 'tick_direction': 2, 'price': 0.0255, 'iv': 47.74, 'instrument_name': 'BTC-28FEB20-9750-P', 'index_price': 9722.66, 'direction': 'sell', 'amount': 0.5}
{'trade_seq': 64, 'trade_id': '62532477', 'timestamp': 1582299389616, 'tick_direction': 1, 'price': 0.0045, 'iv': 58.86, 'instrument_name': 'BTC-28FEB20-10750-C', 'index_price': 9722.45, 'direction': 'buy', 'amount': 0.2}
{'trade_seq': 1067, 'trade_id': '62532805', 'timestamp': 1582299452851, 'tick_direction': 3, 'price': 0.014, 'iv': 47.66, 'instrument_name': 'BTC-28FEB20-9500-P', 'index_price': 9737.02, 'direction': 'sell', 'amount': 1.9}
{'trade_seq': 1066, 'trade_id': '62532804', 'timestamp': 1582299452851, 'tick_direction': 2, 'price': 0.014, 'iv': 47.66, 'instrument_name': 'BTC-28FEB20-9500-P', 'index_price': 9737.02, 'direction': 'sell', 'amount': 0.1}
{'trade_seq': 59, 'trade_id': '62533227', 'timestamp': 1582299990805, 'tick_direction': 0, 'price': 0.0105, 'iv': 51.68, 'instrument_name': 'BTC-28FEB20-10250-C', 'index_price': 9739.87, 'direction': 'buy', 'amount': 0.5}
{'trade_seq': 733, 'trade_id': '62533384', 'timestamp': 1582300054874, 'tick_direction': 2, 'price': 0.0405, 'iv': 49.45, 'instrument_name': 'BTC-28FEB20-10000-P', 'index_price': 9736.78, 'direction': 'buy', 'amount': 1.4}
{'trade_seq': 1036, 'trade_id': '62534095', 'timestamp': 1582300735971, 'tick_direction': 2, 'price': 0.005, 'iv': 55.46, 'instrument_name': 'BTC-28FEB20-9000-P', 'index_price': 9736.84, 'direction': 'buy', 'amount': 0.1}
{'trade_seq': 65, 'trade_id': '62534176', 'timestamp': 1582300818177, 'tick_direction': 1, 'price': 0.0045, 'iv': 58.1, 'instrument_name': 'BTC-28FEB20-10750-C', 'index_price': 9742.26, 'direction': 'buy', 'amount': 0.1}
{'trade_seq': 73, 'trade_id': '62534597', 'timestamp': 1582300938134, 'tick_direction': 3, 'price': 0.025, 'iv': 48.69, 'instrument_name': 'BTC-28FEB20-9750-P', 'index_price': 9739.3, 'direction': 'buy', 'amount': 0.6}
{'trade_seq': 72, 'trade_id': '62534596', 'timestamp': 1582300938134, 'tick_direction': 2, 'price': 0.025, 'iv': 48.69, 'instrument_name': 'BTC-28FEB20-9750-P', 'index_price': 9739.3, 'direction': 'buy', 'amount': 0.6}
{'trade_seq': 477, 'trade_id': '62536018', 'timestamp': 1582301470799, 'tick_direction': 3, 'price': 0.0015, 'iv': 67.59, 'instrument_name': 'BTC-28FEB20-11500-C', 'index_price': 9746.54, 'direction': 'sell', 'amount': 0.1}
{'trade_seq': 1037, 'trade_id': '62536017', 'timestamp': 1582301470790, 'tick_direction': 2, 'price': 0.0045, 'iv': 54.18, 'instrument_name': 'BTC-28FEB20-9000-P', 'index_price': 9746.54, 'direction': 'sell', 'amount': 0.1}
{'trade_seq': 881, 'trade_id': '62536016', 'timestamp': 1582301470777, 'tick_direction': 3, 'price': 0.002, 'iv': 65.58, 'instrument_name': 'BTC-28FEB20-8500-P', 'index_price': 9746.54, 'direction': 'sell', 'amount': 0.1}
{'trade_seq': 74, 'trade_id': '62536209', 'timestamp': 1582301593375, 'tick_direction': 3, 'price': 0.025, 'iv': 48.17, 'instrument_name': 'BTC-28FEB20-9750-P', 'index_price': 9735.14, 'direction': 'buy', 'amount': 0.6}
{'trade_seq': 52, 'trade_id': '62536811', 'timestamp': 1582301901925, 'tick_direction': 3, 'price': 0.003, 'iv': 58.99, 'instrument_name': 'BTC-28FEB20-8750-P', 'index_price': 9720.72, 'direction': 'sell', 'amount': 0.2}
{'trade_seq': 51, 'trade_id': '62536810', 'timestamp': 1582301901925, 'tick_direction': 2, 'price': 0.003, 'iv': 58.99, 'instrument_name': 'BTC-28FEB20-8750-P', 'index_price': 9720.72, 'direction': 'sell', 'amount': 0.6}
{'trade_seq': 478, 'trade_id': '62536937', 'timestamp': 1582301903749, 'tick_direction': 3, 'price': 0.0015, 'iv': 68.52, 'instrument_name': 'BTC-28FEB20-11500-C', 'index_price': 9719.38, 'direction': 'sell', 'amount': 30.0}
{'trade_seq': 1038, 'trade_id': '62537078', 'timestamp': 1582301956642, 'tick_direction': 0, 'price': 0.005, 'iv': 54.43, 'instrument_name': 'BTC-28FEB20-9000-P', 'index_price': 9714.23, 'direction': 'buy', 'amount': 0.1}
{'trade_seq': 734, 'trade_id': '62537295', 'timestamp': 1582302080162, 'tick_direction': 0, 'price': 0.041, 'iv': 48.23, 'instrument_name': 'BTC-28FEB20-10000-P', 'index_price': 9718.62, 'direction': 'sell', 'amount': 3.0}
{'trade_seq': 53, 'trade_id': '62537560', 'timestamp': 1582302134532, 'tick_direction': 2, 'price': 0.0085, 'iv': 51.66, 'instrument_name': 'BTC-28FEB20-9250-P', 'index_price': 9731.7, 'direction': 'buy', 'amount': 3.0}
{'trade_seq': 882, 'trade_id': '62537709', 'timestamp': 1582302398926, 'tick_direction': 3, 'price': 0.002, 'iv': 65.07, 'instrument_name': 'BTC-28FEB20-8500-P', 'index_price': 9731.05, 'direction': 'sell', 'amount': 4.0}
{'trade_seq': 667, 'trade_id': '62537716', 'timestamp': 1582302423661, 'tick_direction': 1, 'price': 0.0015, 'iv': 82.72, 'instrument_name': 'BTC-28FEB20-8000-P', 'index_price': 9730.01, 'direction': 'buy', 'amount': 4.0}
{'trade_seq': 735, 'trade_id': '62538031', 'timestamp': 1582302558929, 'tick_direction': 0, 'price': 0.0415, 'iv': 49.6, 'instrument_name': 'BTC-28FEB20-10000-P', 'index_price': 9720.07, 'direction': 'buy', 'amount': 1.0}
{'trade_seq': 1039, 'trade_id': '62538257', 'timestamp': 1582302676137, 'tick_direction': 1, 'price': 0.005, 'iv': 55.15, 'instrument_name': 'BTC-28FEB20-9000-P', 'index_price': 9728.98, 'direction': 'sell', 'amount': 2.0}
{'trade_seq': 1068, 'trade_id': '62538354', 'timestamp': 1582302724089, 'tick_direction': 0, 'price': 0.0155, 'iv': 50.83, 'instrument_name': 'BTC-28FEB20-9500-P', 'index_price': 9733.64, 'direction': 'buy', 'amount': 0.3}
{'trade_seq': 66, 'trade_id': '62538688', 'timestamp': 1582302862185, 'tick_direction': 1, 'price': 0.0045, 'iv': 59.32, 'instrument_name': 'BTC-28FEB20-10750-C', 'index_price': 9716.15, 'direction': 'buy', 'amount': 2.0}
{'trade_seq': 717, 'trade_id': '62539500', 'timestamp': 1582303515226, 'tick_direction': 0, 'price': 0.007, 'iv': 54.89, 'instrument_name': 'BTC-28FEB20-10500-C', 'index_price': 9756.05, 'direction': 'buy', 'amount': 2.0}
{'trade_seq': 60, 'trade_id': '62540381', 'timestamp': 1582304407059, 'tick_direction': 2, 'price': 0.01, 'iv': 50.45, 'instrument_name': 'BTC-28FEB20-10250-C', 'index_price': 9742.68, 'direction': 'sell', 'amount': 0.1}
{'trade_seq': 76, 'trade_id': '62540560', 'timestamp': 1582304581022, 'tick_direction': 3, 'price': 0.025, 'iv': 48.35, 'instrument_name': 'BTC-28FEB20-9750-P', 'index_price': 9735.85, 'direction': 'buy', 'amount': 0.6}
{'trade_seq': 75, 'trade_id': '62540559', 'timestamp': 1582304581022, 'tick_direction': 3, 'price': 0.025, 'iv': 48.35, 'instrument_name': 'BTC-28FEB20-9750-P', 'index_price': 9735.85, 'direction': 'buy', 'amount': 0.6}
{'trade_seq': 76, 'trade_id': '62540560', 'timestamp': 1582304581022, 'tick_direction': 3, 'price': 0.025, 'iv': 48.35, 'instrument_name': 'BTC-28FEB20-9750-P', 'index_price': 9735.85, 'direction': 'buy', 'amount': 0.6}
{'trade_seq': 75, 'trade_id': '62540559', 'timestamp': 1582304581022, 'tick_direction': 3, 'price': 0.025, 'iv': 48.35, 'instrument_name': 'BTC-28FEB20-9750-P', 'index_price': 9735.85, 'direction': 'buy', 'amount': 0.6}
{'trade_seq': 60, 'trade_id': '62540381', 'timestamp': 1582304407059, 'tick_direction': 2, 'price': 0.01, 'iv': 50.45, 'instrument_name': 'BTC-28FEB20-10250-C', 'index_price': 9742.68, 'direction': 'sell', 'amount': 0.1}
{'trade_seq': 717, 'trade_id': '62539500', 'timestamp': 1582303515226, 'tick_direction': 0, 'price': 0.007, 'iv': 54.89, 'instrument_name': 'BTC-28FEB20-10500-C', 'index_price': 9756.05, 'direction': 'buy', 'amount': 2.0}
{'trade_seq': 66, 'trade_id': '62538688', 'timestamp': 1582302862185, 'tick_direction': 1, 'price': 0.0045, 'iv': 59.32, 'instrument_name': 'BTC-28FEB20-10750-C', 'index_price': 9716.15, 'direction': 'buy', 'amount': 2.0}
{'trade_seq': 76, 'trade_id': '62540560', 'timestamp': 1582304581022, 'tick_direction': 3, 'price': 0.025, 'iv': 48.35, 'instrument_name': 'BTC-28FEB20-9750-P', 'index_price': 9735.85, 'direction': 'buy', 'amount': 0.6}
{'trade_seq': 75, 'trade_id': '62540559', 'timestamp': 1582304581022, 'tick_direction': 3, 'price': 0.025, 'iv': 48.35, 'instrument_name': 'BTC-28FEB20-9750-P', 'index_price': 9735.85, 'direction': 'buy', 'amount': 0.6}
{'trade_seq': 60, 'trade_id': '62540381', 'timestamp': 1582304407059, 'tick_direction': 2, 'price': 0.01, 'iv': 50.45, 'instrument_name': 'BTC-28FEB20-10250-C', 'index_price': 9742.68, 'direction': 'sell', 'amount': 0.1}
{'trade_seq': 717, 'trade_id': '62539500', 'timestamp': 1582303515226, 'tick_direction': 0, 'price': 0.007, 'iv': 54.89, 'instrument_name': 'BTC-28FEB20-10500-C', 'index_price': 9756.05, 'direction': 'buy', 'amount': 2.0}
{'trade_seq': 66, 'trade_id': '62538688', 'timestamp': 1582302862185, 'tick_direction': 1, 'price': 0.0045, 'iv': 59.32, 'instrument_name': 'BTC-28FEB20-10750-C', 'index_price': 9716.15, 'direction': 'buy', 'amount': 2.0}
{'trade_seq': 77, 'trade_id': '62541951', 'timestamp': 1582306496421, 'tick_direction': 2, 'price': 0.0245, 'iv': 47.02, 'instrument_name': 'BTC-28FEB20-9750-P', 'index_price': 9730.83, 'direction': 'sell', 'amount': 3.0}
{'trade_seq': 1040, 'trade_id': '62541964', 'timestamp': 1582306538832, 'tick_direction': 1, 'price': 0.005, 'iv': 55.53, 'instrument_name': 'BTC-28FEB20-9000-P', 'index_price': 9731.24, 'direction': 'sell', 'amount': 0.3}
{'trade_seq': 78, 'trade_id': '62542258', 'timestamp': 1582306973692, 'tick_direction': 0, 'price': 0.026, 'iv': 48.1, 'instrument_name': 'BTC-28FEB20-9750-P', 'index_price': 9713.51, 'direction': 'buy', 'amount': 3.0}
{'trade_seq': 55, 'trade_id': '62542422', 'timestamp': 1582307045791, 'tick_direction': 3, 'price': 0.0085, 'iv': 50.87, 'instrument_name': 'BTC-28FEB20-9250-P', 'index_price': 9715.55, 'direction': 'sell', 'amount': 0.6}
{'trade_seq': 54, 'trade_id': '62542421', 'timestamp': 1582307045639, 'tick_direction': 3, 'price': 0.0085, 'iv': 50.87, 'instrument_name': 'BTC-28FEB20-9250-P', 'index_price': 9714.31, 'direction': 'sell', 'amount': 2.4}
{'trade_seq': 81, 'trade_id': '62542440', 'timestamp': 1582307087605, 'tick_direction': 3, 'price': 0.025, 'iv': 46.61, 'instrument_name': 'BTC-28FEB20-9750-P', 'index_price': 9716.45, 'direction': 'sell', 'amount': 5.3}
{'trade_seq': 80, 'trade_id': '62542439', 'timestamp': 1582307087605, 'tick_direction': 3, 'price': 0.025, 'iv': 46.61, 'instrument_name': 'BTC-28FEB20-9750-P', 'index_price': 9716.45, 'direction': 'sell', 'amount': 10.8}
{'trade_seq': 79, 'trade_id': '62542438', 'timestamp': 1582307087605, 'tick_direction': 2, 'price': 0.025, 'iv': 46.61, 'instrument_name': 'BTC-28FEB20-9750-P', 'index_price': 9716.45, 'direction': 'sell', 'amount': 3.0}
{'trade_seq': 883, 'trade_id': '62542817', 'timestamp': 1582307523282, 'tick_direction': 3, 'price': 0.002, 'iv': 65.07, 'instrument_name': 'BTC-28FEB20-8500-P', 'index_price': 9724.49, 'direction': 'sell', 'amount': 1.0}
{'trade_seq': 64, 'trade_id': '62542889', 'timestamp': 1582307645179, 'tick_direction': 0, 'price': 0.027, 'iv': 49.82, 'instrument_name': 'BTC-28FEB20-9750-C', 'index_price': 9723.95, 'direction': 'sell', 'amount': 3.0}
{'trade_seq': 65, 'trade_id': '62543123', 'timestamp': 1582307989104, 'tick_direction': 2, 'price': 0.026, 'iv': 48.76, 'instrument_name': 'BTC-28FEB20-9750-C', 'index_price': 9716.35, 'direction': 'buy', 'amount': 10.0}
{'trade_seq': 884, 'trade_id': '62543201', 'timestamp': 1582308031124, 'tick_direction': 3, 'price': 0.002, 'iv': 64.97, 'instrument_name': 'BTC-28FEB20-8500-P', 'index_price': 9720.78, 'direction': 'sell', 'amount': 30.0}
{'trade_seq': 66, 'trade_id': '62543375', 'timestamp': 1582308224803, 'tick_direction': 0, 'price': 0.0265, 'iv': 48.59, 'instrument_name': 'BTC-28FEB20-9750-C', 'index_price': 9729.07, 'direction': 'buy', 'amount': 10.0}
{'trade_seq': 82, 'trade_id': '62543819', 'timestamp': 1582308265149, 'tick_direction': 3, 'price': 0.025, 'iv': 48.01, 'instrument_name': 'BTC-28FEB20-9750-P', 'index_price': 9730.86, 'direction': 'buy', 'amount': 1.9}
{'trade_seq': 1308, 'trade_id': '62543803', 'timestamp': 1582308264299, 'tick_direction': 1, 'price': 0.0165, 'iv': 49.6, 'instrument_name': 'BTC-28FEB20-10000-C', 'index_price': 9730.86, 'direction': 'sell', 'amount': 1.9}
{'trade_seq': 1307, 'trade_id': '62543802', 'timestamp': 1582308263799, 'tick_direction': 1, 'price': 0.0165, 'iv': 49.6, 'instrument_name': 'BTC-28FEB20-10000-C', 'index_price': 9731.22, 'direction': 'sell', 'amount': 17.1}
{'trade_seq': 56, 'trade_id': '62543989', 'timestamp': 1582308672833, 'tick_direction': 2, 'price': 0.007, 'iv': 47.96, 'instrument_name': 'BTC-28FEB20-9250-P', 'index_price': 9732.14, 'direction': 'sell', 'amount': 0.1}
{'trade_seq': 1309, 'trade_id': '62544036', 'timestamp': 1582308999696, 'tick_direction': 0, 'price': 0.0175, 'iv': 51.65, 'instrument_name': 'BTC-28FEB20-10000-C', 'index_price': 9730.86, 'direction': 'buy', 'amount': 0.2}
{'trade_seq': 1310, 'trade_id': '62544791', 'timestamp': 1582310604802, 'tick_direction': 2, 'price': 0.0165, 'iv': 50.02, 'instrument_name': 'BTC-28FEB20-10000-C', 'index_price': 9725.48, 'direction': 'sell', 'amount': 0.1}
{'trade_seq': 67, 'trade_id': '62544824', 'timestamp': 1582310762322, 'tick_direction': 2, 'price': 0.004, 'iv': 57.63, 'instrument_name': 'BTC-28FEB20-10750-C', 'index_price': 9721.24, 'direction': 'sell', 'amount': 3.1}
{'trade_seq': 995, 'trade_id': '62545079', 'timestamp': 1582311327587, 'tick_direction': 3, 'price': 0.003, 'iv': 62.46, 'instrument_name': 'BTC-28FEB20-11000-C', 'index_price': 9723.13, 'direction': 'buy', 'amount': 1.0}
{'trade_seq': 67, 'trade_id': '62545433', 'timestamp': 1582311763399, 'tick_direction': 2, 'price': 0.026, 'iv': 48.56, 'instrument_name': 'BTC-28FEB20-9750-C', 'index_price': 9721.13, 'direction': 'buy', 'amount': 10.0}
{'trade_seq': 479, 'trade_id': '62545734', 'timestamp': 1582312273538, 'tick_direction': 0, 'price': 0.002, 'iv': 73.18, 'instrument_name': 'BTC-28FEB20-11500-C', 'index_price': 9716.32, 'direction': 'buy', 'amount': 0.1}
{'trade_seq': 1069, 'trade_id': '62545824', 'timestamp': 1582312316105, 'tick_direction': 1, 'price': 0.0155, 'iv': 49.67, 'instrument_name': 'BTC-28FEB20-9500-P', 'index_price': 9713.42, 'direction': 'buy', 'amount': 0.2}
{'trade_seq': 1070, 'trade_id': '62545832', 'timestamp': 1582312372423, 'tick_direction': 1, 'price': 0.0155, 'iv': 49.67, 'instrument_name': 'BTC-28FEB20-9500-P', 'index_price': 9713.66, 'direction': 'buy', 'amount': 0.1}
{'trade_seq': 1071, 'trade_id': '62545839', 'timestamp': 1582312411315, 'tick_direction': 1, 'price': 0.0155, 'iv': 49.58, 'instrument_name': 'BTC-28FEB20-9500-P', 'index_price': 9713.12, 'direction': 'buy', 'amount': 0.1}
{'trade_seq': 1311, 'trade_id': '62546008', 'timestamp': 1582312653853, 'tick_direction': 2, 'price': 0.0155, 'iv': 48.87, 'instrument_name': 'BTC-28FEB20-10000-C', 'index_price': 9717.52, 'direction': 'buy', 'amount': 0.5}
{'trade_seq': 718, 'trade_id': '62546197', 'timestamp': 1582312813012, 'tick_direction': 2, 'price': 0.006, 'iv': 54.56, 'instrument_name': 'BTC-28FEB20-10500-C', 'index_price': 9710.51, 'direction': 'sell', 'amount': 2.4}
{'trade_seq': 68, 'trade_id': '62546161', 'timestamp': 1582312812522, 'tick_direction': 2, 'price': 0.0255, 'iv': 48.5, 'instrument_name': 'BTC-28FEB20-9750-C', 'index_price': 9710.51, 'direction': 'sell', 'amount': 0.1}
{'trade_seq': 736, 'trade_id': '62546206', 'timestamp': 1582312824234, 'tick_direction': 0, 'price': 0.042, 'iv': 49.0, 'instrument_name': 'BTC-28FEB20-10000-P', 'index_price': 9708.02, 'direction': 'buy', 'amount': 2.0}
{'trade_seq': 1312, 'trade_id': '62546235', 'timestamp': 1582312900976, 'tick_direction': 2, 'price': 0.015, 'iv': 48.65, 'instrument_name': 'BTC-28FEB20-10000-C', 'index_price': 9706.88, 'direction': 'sell', 'amount': 1.0}
{'trade_seq': 84, 'trade_id': '62546293', 'timestamp': 1582312998003, 'tick_direction': 1, 'price': 0.026, 'iv': 47.43, 'instrument_name': 'BTC-28FEB20-9750-P', 'index_price': 9705.68, 'direction': 'buy', 'amount': 0.6}
{'trade_seq': 83, 'trade_id': '62546292', 'timestamp': 1582312998003, 'tick_direction': 0, 'price': 0.026, 'iv': 47.43, 'instrument_name': 'BTC-28FEB20-9750-P', 'index_price': 9705.68, 'direction': 'buy', 'amount': 0.6}
{'trade_seq': 69, 'trade_id': '62546527', 'timestamp': 1582313013916, 'tick_direction': 2, 'price': 0.025, 'iv': 48.27, 'instrument_name': 'BTC-28FEB20-9750-C', 'index_price': 9700.98, 'direction': 'sell', 'amount': 1.0}
{'trade_seq': 719, 'trade_id': '62546422', 'timestamp': 1582313012802, 'tick_direction': 3, 'price': 0.006, 'iv': 54.94, 'instrument_name': 'BTC-28FEB20-10500-C', 'index_price': 9703.95, 'direction': 'sell', 'amount': 2.5}
{'trade_seq': 68, 'trade_id': '62547446', 'timestamp': 1582313991434, 'tick_direction': 3, 'price': 0.004, 'iv': 59.08, 'instrument_name': 'BTC-28FEB20-10750-C', 'index_price': 9690.35, 'direction': 'sell', 'amount': 6.9}
{'trade_seq': 1072, 'trade_id': '62548145', 'timestamp': 1582315217441, 'tick_direction': 0, 'price': 0.0165, 'iv': 50.32, 'instrument_name': 'BTC-28FEB20-9500-P', 'index_price': 9692.49, 'direction': 'buy', 'amount': 0.2}
{'trade_seq': 1313, 'trade_id': '62548409', 'timestamp': 1582315248931, 'tick_direction': 3, 'price': 0.015, 'iv': 50.48, 'instrument_name': 'BTC-28FEB20-10000-C', 'index_price': 9682.24, 'direction': 'sell', 'amount': 4.0}
{'trade_seq': 85, 'trade_id': '62548869', 'timestamp': 1582315323377, 'tick_direction': 0, 'price': 0.028, 'iv': 47.58, 'instrument_name': 'BTC-28FEB20-9750-P', 'index_price': 9666.12, 'direction': 'buy', 'amount': 0.6}
{'trade_seq': 996, 'trade_id': '62549740', 'timestamp': 1582315331015, 'tick_direction': 2, 'price': 0.0025, 'iv': 63.45, 'instrument_name': 'BTC-28FEB20-11000-C', 'index_price': 9630.44, 'direction': 'sell', 'amount': 0.1}
{'trade_seq': 87, 'trade_id': '62549656', 'timestamp': 1582315330048, 'tick_direction': 0, 'price': 0.03, 'iv': 49.82, 'instrument_name': 'BTC-28FEB20-9750-P', 'index_price': 9637.66, 'direction': 'buy', 'amount': 11.4}
{'trade_seq': 1073, 'trade_id': '62549440', 'timestamp': 1582315328842, 'tick_direction': 0, 'price': 0.017, 'iv': 48.35, 'instrument_name': 'BTC-28FEB20-9500-P', 'index_price': 9646.52, 'direction': 'buy', 'amount': 0.1}
{'trade_seq': 86, 'trade_id': '62549383', 'timestamp': 1582315328100, 'tick_direction': 0, 'price': 0.029, 'iv': 47.94, 'instrument_name': 'BTC-28FEB20-9750-P', 'index_price': 9650.64, 'direction': 'buy', 'amount': 0.6}
{'trade_seq': 70, 'trade_id': '62549252', 'timestamp': 1582315327145, 'tick_direction': 2, 'price': 0.0225, 'iv': 47.09, 'instrument_name': 'BTC-28FEB20-9750-C', 'index_price': 9656.06, 'direction': 'sell', 'amount': 1.0}
{'trade_seq': 1074, 'trade_id': '62550131', 'timestamp': 1582315335149, 'tick_direction': 0, 'price': 0.019, 'iv': 48.97, 'instrument_name': 'BTC-28FEB20-9500-P', 'index_price': 9609.91, 'direction': 'buy', 'amount': 9.0}
{'trade_seq': 6, 'trade_id': '62550067', 'timestamp': 1582315334627, 'tick_direction': 3, 'price': 0.051, 'iv': 44.72, 'instrument_name': 'BTC-28FEB20-9250-C', 'index_price': 9616.39, 'direction': 'sell', 'amount': 3.3}
{'trade_seq': 5, 'trade_id': '62550062', 'timestamp': 1582315334477, 'tick_direction': 2, 'price': 0.051, 'iv': 44.72, 'instrument_name': 'BTC-28FEB20-9250-C', 'index_price': 9616.39, 'direction': 'sell', 'amount': 0.1}
{'trade_seq': 88, 'trade_id': '62550043', 'timestamp': 1582315334407, 'tick_direction': 0, 'price': 0.032, 'iv': 51.53, 'instrument_name': 'BTC-28FEB20-9750-P', 'index_price': 9616.39, 'direction': 'buy', 'amount': 7.0}
{'trade_seq': 92, 'trade_id': '62550008', 'timestamp': 1582315334039, 'tick_direction': 3, 'price': 0.2745, 'iv': 0.0, 'instrument_name': 'BTC-28FEB20-7000-C', 'index_price': 9616.39, 'direction': 'sell', 'amount': 3.5}
{'trade_seq': 1315, 'trade_id': '62549868', 'timestamp': 1582315332556, 'tick_direction': 3, 'price': 0.013, 'iv': 49.4, 'instrument_name': 'BTC-28FEB20-10000-C', 'index_price': 9626.07, 'direction': 'sell', 'amount': 1.1}
{'trade_seq': 91, 'trade_id': '62549867', 'timestamp': 1582315332552, 'tick_direction': 2, 'price': 0.2745, 'iv': 0.0, 'instrument_name': 'BTC-28FEB20-7000-C', 'index_price': 9626.07, 'direction': 'sell', 'amount': 2.5}
{'trade_seq': 1314, 'trade_id': '62549863', 'timestamp': 1582315332511, 'tick_direction': 2, 'price': 0.013, 'iv': 49.4, 'instrument_name': 'BTC-28FEB20-10000-C', 'index_price': 9626.07, 'direction': 'sell', 'amount': 18.8}
{'trade_seq': 14, 'trade_id': '62550507', 'timestamp': 1582315339316, 'tick_direction': 0, 'price': 0.429, 'iv': 131.7, 'instrument_name': 'BTC-28FEB20-5500-C', 'index_price': 9597.19, 'direction': 'sell', 'amount': 7.0}
{'trade_seq': 26, 'trade_id': '62550506', 'timestamp': 1582315339313, 'tick_direction': 2, 'price': 0.3255, 'iv': 122.11, 'instrument_name': 'BTC-28FEB20-6500-C', 'index_price': 9597.19, 'direction': 'sell', 'amount': 6.0}
{'trade_seq': 17, 'trade_id': '62550505', 'timestamp': 1582315339311, 'tick_direction': 2, 'price': 0.481, 'iv': 173.62, 'instrument_name': 'BTC-28FEB20-5000-C', 'index_price': 9597.19, 'direction': 'sell', 'amount': 7.0}
{'trade_seq': 721, 'trade_id': '62550387', 'timestamp': 1582315338325, 'tick_direction': 3, 'price': 0.005, 'iv': 56.72, 'instrument_name': 'BTC-28FEB20-10500-C', 'index_price': 9597.01, 'direction': 'sell', 'amount': 0.1}
{'trade_seq': 720, 'trade_id': '62550386', 'timestamp': 1582315338325, 'tick_direction': 2, 'price': 0.005, 'iv': 56.72, 'instrument_name': 'BTC-28FEB20-10500-C', 'index_price': 9597.01, 'direction': 'sell', 'amount': 1.0}
{'trade_seq': 1041, 'trade_id': '62551032', 'timestamp': 1582315345968, 'tick_direction': 0, 'price': 0.006, 'iv': 51.57, 'instrument_name': 'BTC-28FEB20-9000-P', 'index_price': 9578.79, 'direction': 'buy', 'amount': 1.0}
{'trade_seq': 723, 'trade_id': '62553796', 'timestamp': 1582315391269, 'tick_direction': 1, 'price': 0.0055, 'iv': 57.67, 'instrument_name': 'BTC-28FEB20-10500-C', 'index_price': 9624.87, 'direction': 'buy', 'amount': 0.2}
{'trade_seq': 722, 'trade_id': '62553795', 'timestamp': 1582315391269, 'tick_direction': 0, 'price': 0.0055, 'iv': 57.67, 'instrument_name': 'BTC-28FEB20-10500-C', 'index_price': 9624.87, 'direction': 'buy', 'amount': 1.0}
{'trade_seq': 1075, 'trade_id': '62554078', 'timestamp': 1582315411016, 'tick_direction': 1, 'price': 0.019, 'iv': 50.62, 'instrument_name': 'BTC-28FEB20-9500-P', 'index_price': 9632.53, 'direction': 'buy', 'amount': 0.3}
{'trade_seq': 737, 'trade_id': '62555081', 'timestamp': 1582315577577, 'tick_direction': 0, 'price': 0.0475, 'iv': 48.74, 'instrument_name': 'BTC-28FEB20-10000-P', 'index_price': 9629.14, 'direction': 'sell', 'amount': 3.0}
{'trade_seq': 1322, 'trade_id': '62555064', 'timestamp': 1582315577196, 'tick_direction': 1, 'price': 0.015, 'iv': 53.99, 'instrument_name': 'BTC-28FEB20-10000-C', 'index_price': 9628.82, 'direction': 'buy', 'amount': 2.4}
{'trade_seq': 1321, 'trade_id': '62555063', 'timestamp': 1582315577196, 'tick_direction': 1, 'price': 0.015, 'iv': 53.99, 'instrument_name': 'BTC-28FEB20-10000-C', 'index_price': 9628.82, 'direction': 'buy', 'amount': 0.6}
{'trade_seq': 61, 'trade_id': '62555043', 'timestamp': 1582315576707, 'tick_direction': 2, 'price': 0.0085, 'iv': 53.74, 'instrument_name': 'BTC-28FEB20-10250-C', 'index_price': 9628.82, 'direction': 'buy', 'amount': 0.2}
{'trade_seq': 1320, 'trade_id': '62555038', 'timestamp': 1582315576631, 'tick_direction': 1, 'price': 0.015, 'iv': 53.99, 'instrument_name': 'BTC-28FEB20-10000-C', 'index_price': 9628.82, 'direction': 'buy', 'amount': 11.9}
{'trade_seq': 1319, 'trade_id': '62555037', 'timestamp': 1582315576631, 'tick_direction': 1, 'price': 0.015, 'iv': 53.99, 'instrument_name': 'BTC-28FEB20-10000-C', 'index_price': 9628.82, 'direction': 'buy', 'amount': 3.0}
{'trade_seq': 1318, 'trade_id': '62555036', 'timestamp': 1582315576631, 'tick_direction': 0, 'price': 0.015, 'iv': 53.99, 'instrument_name': 'BTC-28FEB20-10000-C', 'index_price': 9628.82, 'direction': 'buy', 'amount': 24.0}
{'trade_seq': 1317, 'trade_id': '62555035', 'timestamp': 1582315576631, 'tick_direction': 1, 'price': 0.0145, 'iv': 52.95, 'instrument_name': 'BTC-28FEB20-10000-C', 'index_price': 9628.82, 'direction': 'buy', 'amount': 24.1}
{'trade_seq': 1316, 'trade_id': '62555034', 'timestamp': 1582315576631, 'tick_direction': 0, 'price': 0.0145, 'iv': 52.95, 'instrument_name': 'BTC-28FEB20-10000-C', 'index_price': 9628.82, 'direction': 'buy', 'amount': 21.0}
{'trade_seq': 1325, 'trade_id': '62555574', 'timestamp': 1582315598160, 'tick_direction': 1, 'price': 0.0155, 'iv': 53.77, 'instrument_name': 'BTC-28FEB20-10000-C', 'index_price': 9646.61, 'direction': 'sell', 'amount': 2.5}
{'trade_seq': 1324, 'trade_id': '62555573', 'timestamp': 1582315598159, 'tick_direction': 1, 'price': 0.0155, 'iv': 53.77, 'instrument_name': 'BTC-28FEB20-10000-C', 'index_price': 9646.61, 'direction': 'sell', 'amount': 13.0}
{'trade_seq': 1323, 'trade_id': '62555572', 'timestamp': 1582315598157, 'tick_direction': 0, 'price': 0.0155, 'iv': 53.77, 'instrument_name': 'BTC-28FEB20-10000-C', 'index_price': 9646.61, 'direction': 'buy', 'amount': 0.5}
{'trade_seq': 738, 'trade_id': '62556252', 'timestamp': 1582315650409, 'tick_direction': 2, 'price': 0.047, 'iv': 49.87, 'instrument_name': 'BTC-28FEB20-10000-P', 'index_price': 9645.38, 'direction': 'buy', 'amount': 3.0}
{'trade_seq': 480, 'trade_id': '62556267', 'timestamp': 1582315657596, 'tick_direction': 2, 'price': 0.0015, 'iv': 71.89, 'instrument_name': 'BTC-28FEB20-11500-C', 'index_price': 9645.82, 'direction': 'sell', 'amount': 0.4}
{'trade_seq': 997, 'trade_id': '62556609', 'timestamp': 1582315720532, 'tick_direction': 0, 'price': 0.003, 'iv': 65.21, 'instrument_name': 'BTC-28FEB20-11000-C', 'index_price': 9655.12, 'direction': 'buy', 'amount': 0.2}
{'trade_seq': 1326, 'trade_id': '62557743', 'timestamp': 1582316058238, 'tick_direction': 2, 'price': 0.0145, 'iv': 51.28, 'instrument_name': 'BTC-28FEB20-10000-C', 'index_price': 9652.38, 'direction': 'sell', 'amount': 1.0}
{'trade_seq': 724, 'trade_id': '62558123', 'timestamp': 1582316267202, 'tick_direction': 0, 'price': 0.0065, 'iv': 58.99, 'instrument_name': 'BTC-28FEB20-10500-C', 'index_price': 9651.99, 'direction': 'buy', 'amount': 0.1}
{'trade_seq': 27, 'trade_id': '62559453', 'timestamp': 1582316786338, 'tick_direction': 3, 'price': 0.0015, 'iv': 64.99, 'instrument_name': 'BTC-28FEB20-11250-C', 'index_price': 9632.42, 'direction': 'sell', 'amount': 0.1}
{'trade_seq': 998, 'trade_id': '62559452', 'timestamp': 1582316786319, 'tick_direction': 2, 'price': 0.0025, 'iv': 63.63, 'instrument_name': 'BTC-28FEB20-11000-C', 'index_price': 9632.42, 'direction': 'sell', 'amount': 0.1}
{'trade_seq': 69, 'trade_id': '62559451', 'timestamp': 1582316786317, 'tick_direction': 2, 'price': 0.0035, 'iv': 59.53, 'instrument_name': 'BTC-28FEB20-10750-C', 'index_price': 9632.42, 'direction': 'sell', 'amount': 0.2}
{'trade_seq': 725, 'trade_id': '62559450', 'timestamp': 1582316786316, 'tick_direction': 2, 'price': 0.005, 'iv': 55.21, 'instrument_name': 'BTC-28FEB20-10500-C', 'index_price': 9632.42, 'direction': 'sell', 'amount': 0.1}
{'trade_seq': 62, 'trade_id': '62559449', 'timestamp': 1582316786315, 'tick_direction': 2, 'price': 0.008, 'iv': 52.31, 'instrument_name': 'BTC-28FEB20-10250-C', 'index_price': 9632.42, 'direction': 'sell', 'amount': 0.1}
{'trade_seq': 1327, 'trade_id': '62559448', 'timestamp': 1582316786313, 'tick_direction': 2, 'price': 0.013, 'iv': 49.62, 'instrument_name': 'BTC-28FEB20-10000-C', 'index_price': 9632.42, 'direction': 'sell', 'amount': 0.7}
{'trade_seq': 57, 'trade_id': '62559447', 'timestamp': 1582316786311, 'tick_direction': 0, 'price': 0.009, 'iv': 47.66, 'instrument_name': 'BTC-28FEB20-9250-P', 'index_price': 9632.42, 'direction': 'sell', 'amount': 0.2}
{'trade_seq': 1042, 'trade_id': '62559446', 'timestamp': 1582316786310, 'tick_direction': 2, 'price': 0.005, 'iv': 51.12, 'instrument_name': 'BTC-28FEB20-9000-P', 'index_price': 9632.42, 'direction': 'sell', 'amount': 0.3}
{'trade_seq': 53, 'trade_id': '62559445', 'timestamp': 1582316786305, 'tick_direction': 3, 'price': 0.003, 'iv': 55.96, 'instrument_name': 'BTC-28FEB20-8750-P', 'index_price': 9632.42, 'direction': 'sell', 'amount': 0.3}
{'trade_seq': 885, 'trade_id': '62559444', 'timestamp': 1582316786303, 'tick_direction': 3, 'price': 0.002, 'iv': 62.01, 'instrument_name': 'BTC-28FEB20-8500-P', 'index_price': 9632.42, 'direction': 'sell', 'amount': 0.5}
{'trade_seq': 1000, 'trade_id': '62559552', 'timestamp': 1582316904071, 'tick_direction': 3, 'price': 0.0025, 'iv': 63.43, 'instrument_name': 'BTC-28FEB20-11000-C', 'index_price': 9637.34, 'direction': 'sell', 'amount': 30.0}
{'trade_seq': 999, 'trade_id': '62559551', 'timestamp': 1582316904071, 'tick_direction': 3, 'price': 0.0025, 'iv': 63.43, 'instrument_name': 'BTC-28FEB20-11000-C', 'index_price': 9637.34, 'direction': 'sell', 'amount': 4.6}
{'trade_seq': 1328, 'trade_id': '62559668', 'timestamp': 1582316942227, 'tick_direction': 0, 'price': 0.0145, 'iv': 52.13, 'instrument_name': 'BTC-28FEB20-10000-C', 'index_price': 9641.31, 'direction': 'buy', 'amount': 0.4}
{'trade_seq': 71, 'trade_id': '62560425', 'timestamp': 1582317185632, 'tick_direction': 0, 'price': 0.0245, 'iv': 50.83, 'instrument_name': 'BTC-28FEB20-9750-C', 'index_price': 9664.45, 'direction': 'sell', 'amount': 3.0}
{'trade_seq': 1003, 'trade_id': '62560553', 'timestamp': 1582317343298, 'tick_direction': 3, 'price': 0.0025, 'iv': 62.55, 'instrument_name': 'BTC-28FEB20-11000-C', 'index_price': 9660.88, 'direction': 'buy', 'amount': 5.0}
{'trade_seq': 1002, 'trade_id': '62560552', 'timestamp': 1582317342128, 'tick_direction': 3, 'price': 0.0025, 'iv': 62.55, 'instrument_name': 'BTC-28FEB20-11000-C', 'index_price': 9660.88, 'direction': 'buy', 'amount': 10.0}
{'trade_seq': 1001, 'trade_id': '62560551', 'timestamp': 1582317341201, 'tick_direction': 3, 'price': 0.0025, 'iv': 62.55, 'instrument_name': 'BTC-28FEB20-11000-C', 'index_price': 9660.88, 'direction': 'buy', 'amount': 10.0}
{'trade_seq': 1008, 'trade_id': '62560622', 'timestamp': 1582317376708, 'tick_direction': 3, 'price': 0.002, 'iv': 59.81, 'instrument_name': 'BTC-28FEB20-11000-C', 'index_price': 9655.42, 'direction': 'sell', 'amount': 28.7}
{'trade_seq': 1007, 'trade_id': '62560621', 'timestamp': 1582317376708, 'tick_direction': 3, 'price': 0.002, 'iv': 59.81, 'instrument_name': 'BTC-28FEB20-11000-C', 'index_price': 9655.42, 'direction': 'sell', 'amount': 12.5}
{'trade_seq': 1006, 'trade_id': '62560620', 'timestamp': 1582317376708, 'tick_direction': 3, 'price': 0.002, 'iv': 59.81, 'instrument_name': 'BTC-28FEB20-11000-C', 'index_price': 9655.42, 'direction': 'sell', 'amount': 27.0}
{'trade_seq': 1005, 'trade_id': '62560619', 'timestamp': 1582317376708, 'tick_direction': 3, 'price': 0.002, 'iv': 59.81, 'instrument_name': 'BTC-28FEB20-11000-C', 'index_price': 9655.42, 'direction': 'sell', 'amount': 1.8}
{'trade_seq': 1004, 'trade_id': '62560618', 'timestamp': 1582317376708, 'tick_direction': 2, 'price': 0.002, 'iv': 59.81, 'instrument_name': 'BTC-28FEB20-11000-C', 'index_price': 9655.42, 'direction': 'sell', 'amount': 5.0}
{'trade_seq': 28, 'trade_id': '62560906', 'timestamp': 1582317489590, 'tick_direction': 3, 'price': 0.0015, 'iv': 63.45, 'instrument_name': 'BTC-28FEB20-11250-C', 'index_price': 9676.73, 'direction': 'buy', 'amount': 1.2}
{'trade_seq': 29, 'trade_id': '62561061', 'timestamp': 1582317526425, 'tick_direction': 3, 'price': 0.0015, 'iv': 63.78, 'instrument_name': 'BTC-28FEB20-11250-C', 'index_price': 9668.96, 'direction': 'buy', 'amount': 1.8}
{'trade_seq': 1009, 'trade_id': '62561266', 'timestamp': 1582317612384, 'tick_direction': 0, 'price': 0.003, 'iv': 64.43, 'instrument_name': 'BTC-28FEB20-11000-C', 'index_price': 9679.85, 'direction': 'buy', 'amount': 0.1}
{'trade_seq': 1010, 'trade_id': '62561717', 'timestamp': 1582317676145, 'tick_direction': 1, 'price': 0.003, 'iv': 63.94, 'instrument_name': 'BTC-28FEB20-11000-C', 'index_price': 9692.54, 'direction': 'buy', 'amount': 1.0}
{'trade_seq': 72, 'trade_id': '62561772', 'timestamp': 1582317689918, 'tick_direction': 0, 'price': 0.0255, 'iv': 49.8, 'instrument_name': 'BTC-28FEB20-9750-C', 'index_price': 9698.08, 'direction': 'buy', 'amount': 0.5}
{'trade_seq': 1076, 'trade_id': '62562017', 'timestamp': 1582317814421, 'tick_direction': 2, 'price': 0.016, 'iv': 50.15, 'instrument_name': 'BTC-28FEB20-9500-P', 'index_price': 9701.23, 'direction': 'sell', 'amount': 0.1}
{'trade_seq': 1329, 'trade_id': '62562914', 'timestamp': 1582317971474, 'tick_direction': 0, 'price': 0.016, 'iv': 50.57, 'instrument_name': 'BTC-28FEB20-10000-C', 'index_price': 9714.12, 'direction': 'buy', 'amount': 0.5}
{'trade_seq': 73, 'trade_id': '62562945', 'timestamp': 1582317979136, 'tick_direction': 0, 'price': 0.0265, 'iv': 49.36, 'instrument_name': 'BTC-28FEB20-9750-C', 'index_price': 9721.34, 'direction': 'buy', 'amount': 0.5}
{'trade_seq': 1011, 'trade_id': '62562962', 'timestamp': 1582317986339, 'tick_direction': 1, 'price': 0.003, 'iv': 62.74, 'instrument_name': 'BTC-28FEB20-11000-C', 'index_price': 9723.25, 'direction': 'buy', 'amount': 1.0}
{'trade_seq': 63, 'trade_id': '62563331', 'timestamp': 1582318092862, 'tick_direction': 0, 'price': 0.01, 'iv': 51.42, 'instrument_name': 'BTC-28FEB20-10250-C', 'index_price': 9739.43, 'direction': 'buy', 'amount': 1.0}
{'trade_seq': 64, 'trade_id': '62563451', 'timestamp': 1582318165280, 'tick_direction': 0, 'price': 0.0105, 'iv': 52.77, 'instrument_name': 'BTC-28FEB20-10250-C', 'index_price': 9734.2, 'direction': 'buy', 'amount': 0.1}
{'trade_seq': 639, 'trade_id': '62563709', 'timestamp': 1582318366329, 'tick_direction': 2, 'price': 0.04, 'iv': 47.61, 'instrument_name': 'BTC-28FEB20-9500-C', 'index_price': 9721.26, 'direction': 'sell', 'amount': 0.5}
{'trade_seq': 1077, 'trade_id': '62563765', 'timestamp': 1582318441809, 'tick_direction': 2, 'price': 0.0155, 'iv': 50.78, 'instrument_name': 'BTC-28FEB20-9500-P', 'index_price': 9722.82, 'direction': 'buy', 'amount': 0.1}
{'trade_seq': 89, 'trade_id': '62564293', 'timestamp': 1582318909007, 'tick_direction': 2, 'price': 0.026, 'iv': 47.43, 'instrument_name': 'BTC-28FEB20-9750-P', 'index_price': 9700.69, 'direction': 'buy', 'amount': 0.6}
{'trade_seq': 54, 'trade_id': '62566436', 'timestamp': 1582320063413, 'tick_direction': 3, 'price': 0.003, 'iv': 58.88, 'instrument_name': 'BTC-28FEB20-8750-P', 'index_price': 9694.75, 'direction': 'buy', 'amount': 0.2}
{'trade_seq': 90, 'trade_id': '62566549', 'timestamp': 1582320188619, 'tick_direction': 0, 'price': 0.027, 'iv': 47.72, 'instrument_name': 'BTC-28FEB20-9750-P', 'index_price': 9683.67, 'direction': 'buy', 'amount': 0.6}
{'trade_seq': 1012, 'trade_id': '62566763', 'timestamp': 1582320386685, 'tick_direction': 2, 'price': 0.002, 'iv': 58.49, 'instrument_name': 'BTC-28FEB20-11000-C', 'index_price': 9691.84, 'direction': 'sell', 'amount': 0.1}
{'trade_seq': 70, 'trade_id': '62566762', 'timestamp': 1582320386680, 'tick_direction': 2, 'price': 0.003, 'iv': 54.92, 'instrument_name': 'BTC-28FEB20-10750-C', 'index_price': 9691.84, 'direction': 'sell', 'amount': 0.1}
{'trade_seq': 726, 'trade_id': '62566761', 'timestamp': 1582320386679, 'tick_direction': 0, 'price': 0.0055, 'iv': 54.09, 'instrument_name': 'BTC-28FEB20-10500-C', 'index_price': 9691.84, 'direction': 'sell', 'amount': 0.1}
{'trade_seq': 65, 'trade_id': '62566760', 'timestamp': 1582320386676, 'tick_direction': 2, 'price': 0.009, 'iv': 51.57, 'instrument_name': 'BTC-28FEB20-10250-C', 'index_price': 9691.84, 'direction': 'sell', 'amount': 0.1}
{'trade_seq': 1330, 'trade_id': '62566759', 'timestamp': 1582320386674, 'tick_direction': 0, 'price': 0.0165, 'iv': 52.74, 'instrument_name': 'BTC-28FEB20-10000-C', 'index_price': 9691.84, 'direction': 'buy', 'amount': 0.3}
{'trade_seq': 58, 'trade_id': '62566758', 'timestamp': 1582320386673, 'tick_direction': 2, 'price': 0.008, 'iv': 49.02, 'instrument_name': 'BTC-28FEB20-9250-P', 'index_price': 9691.84, 'direction': 'sell', 'amount': 0.2}
{'trade_seq': 1043, 'trade_id': '62566757', 'timestamp': 1582320386672, 'tick_direction': 2, 'price': 0.0045, 'iv': 52.61, 'instrument_name': 'BTC-28FEB20-9000-P', 'index_price': 9691.84, 'direction': 'sell', 'amount': 0.2}
{'trade_seq': 55, 'trade_id': '62566756', 'timestamp': 1582320386670, 'tick_direction': 2, 'price': 0.0025, 'iv': 56.25, 'instrument_name': 'BTC-28FEB20-8750-P', 'index_price': 9691.84, 'direction': 'sell', 'amount': 0.1}
{'trade_seq': 886, 'trade_id': '62566755', 'timestamp': 1582320386669, 'tick_direction': 2, 'price': 0.0015, 'iv': 60.94, 'instrument_name': 'BTC-28FEB20-8500-P', 'index_price': 9691.84, 'direction': 'sell', 'amount': 0.3}
{'trade_seq': 1331, 'trade_id': '62567280', 'timestamp': 1582320701805, 'tick_direction': 2, 'price': 0.0155, 'iv': 51.73, 'instrument_name': 'BTC-28FEB20-10000-C', 'index_price': 9680.07, 'direction': 'sell', 'amount': 0.1}
{'trade_seq': 1332, 'trade_id': '62567587', 'timestamp': 1582320711619, 'tick_direction': 2, 'price': 0.015, 'iv': 51.14, 'instrument_name': 'BTC-28FEB20-10000-C', 'index_price': 9671.44, 'direction': 'sell', 'amount': 0.2}
{'trade_seq': 887, 'trade_id': '62567597', 'timestamp': 1582320712168, 'tick_direction': 0, 'price': 0.002, 'iv': 63.88, 'instrument_name': 'BTC-28FEB20-8500-P', 'index_price': 9671.44, 'direction': 'buy', 'amount': 10.0}
{'trade_seq': 66, 'trade_id': '62567919', 'timestamp': 1582320764025, 'tick_direction': 3, 'price': 0.009, 'iv': 52.94, 'instrument_name': 'BTC-28FEB20-10250-C', 'index_price': 9666.28, 'direction': 'sell', 'amount': 0.9}
{'trade_seq': 1078, 'trade_id': '62568573', 'timestamp': 1582321156901, 'tick_direction': 0, 'price': 0.0175, 'iv': 50.41, 'instrument_name': 'BTC-28FEB20-9500-P', 'index_price': 9663.77, 'direction': 'buy', 'amount': 0.1}
{'trade_seq': 1044, 'trade_id': '62570319', 'timestamp': 1582322205508, 'tick_direction': 0, 'price': 0.006, 'iv': 56.38, 'instrument_name': 'BTC-28FEB20-9000-P', 'index_price': 9665.11, 'direction': 'buy', 'amount': 0.5}
{'trade_seq': 1333, 'trade_id': '62570438', 'timestamp': 1582322244632, 'tick_direction': 3, 'price': 0.015, 'iv': 51.61, 'instrument_name': 'BTC-28FEB20-10000-C', 'index_price': 9669.08, 'direction': 'buy', 'amount': 0.5}
{'trade_seq': 92, 'trade_id': '62570813', 'timestamp': 1582322676722, 'tick_direction': 1, 'price': 0.029, 'iv': 48.04, 'instrument_name': 'BTC-28FEB20-9750-P', 'index_price': 9651.95, 'direction': 'buy', 'amount': 0.6}
{'trade_seq': 91, 'trade_id': '62570812', 'timestamp': 1582322676722, 'tick_direction': 0, 'price': 0.029, 'iv': 48.04, 'instrument_name': 'BTC-28FEB20-9750-P', 'index_price': 9651.95, 'direction': 'buy', 'amount': 0.6}
{'trade_seq': 71, 'trade_id': '62570821', 'timestamp': 1582322689897, 'tick_direction': 0, 'price': 0.0035, 'iv': 59.08, 'instrument_name': 'BTC-28FEB20-10750-C', 'index_price': 9651.93, 'direction': 'buy', 'amount': 0.1}
{'trade_seq': 71, 'trade_id': '62570821', 'timestamp': 1582322689897, 'tick_direction': 0, 'price': 0.0035, 'iv': 59.08, 'instrument_name': 'BTC-28FEB20-10750-C', 'index_price': 9651.93, 'direction': 'buy', 'amount': 0.1}
{'trade_seq': 92, 'trade_id': '62570813', 'timestamp': 1582322676722, 'tick_direction': 1, 'price': 0.029, 'iv': 48.04, 'instrument_name': 'BTC-28FEB20-9750-P', 'index_price': 9651.95, 'direction': 'buy', 'amount': 0.6}
{'trade_seq': 91, 'trade_id': '62570812', 'timestamp': 1582322676722, 'tick_direction': 0, 'price': 0.029, 'iv': 48.04, 'instrument_name': 'BTC-28FEB20-9750-P', 'index_price': 9651.95, 'direction': 'buy', 'amount': 0.6}
{'trade_seq': 1333, 'trade_id': '62570438', 'timestamp': 1582322244632, 'tick_direction': 3, 'price': 0.015, 'iv': 51.61, 'instrument_name': 'BTC-28FEB20-10000-C', 'index_price': 9669.08, 'direction': 'buy', 'amount': 0.5}
{'trade_seq': 1044, 'trade_id': '62570319', 'timestamp': 1582322205508, 'tick_direction': 0, 'price': 0.006, 'iv': 56.38, 'instrument_name': 'BTC-28FEB20-9000-P', 'index_price': 9665.11, 'direction': 'buy', 'amount': 0.5}
{'trade_seq': 1078, 'trade_id': '62568573', 'timestamp': 1582321156901, 'tick_direction': 0, 'price': 0.0175, 'iv': 50.41, 'instrument_name': 'BTC-28FEB20-9500-P', 'index_price': 9663.77, 'direction': 'buy', 'amount': 0.1}
{'trade_seq': 66, 'trade_id': '62567919', 'timestamp': 1582320764025, 'tick_direction': 3, 'price': 0.009, 'iv': 52.94, 'instrument_name': 'BTC-28FEB20-10250-C', 'index_price': 9666.28, 'direction': 'sell', 'amount': 0.9}
{'trade_seq': 887, 'trade_id': '62567597', 'timestamp': 1582320712168, 'tick_direction': 0, 'price': 0.002, 'iv': 63.88, 'instrument_name': 'BTC-28FEB20-8500-P', 'index_price': 9671.44, 'direction': 'buy', 'amount': 10.0}
{'trade_seq': 1332, 'trade_id': '62567587', 'timestamp': 1582320711619, 'tick_direction': 2, 'price': 0.015, 'iv': 51.14, 'instrument_name': 'BTC-28FEB20-10000-C', 'index_price': 9671.44, 'direction': 'sell', 'amount': 0.2}
{'trade_seq': 1331, 'trade_id': '62567280', 'timestamp': 1582320701805, 'tick_direction': 2, 'price': 0.0155, 'iv': 51.73, 'instrument_name': 'BTC-28FEB20-10000-C', 'index_price': 9680.07, 'direction': 'sell', 'amount': 0.1}
{'trade_seq': 60, 'trade_id': '62571201', 'timestamp': 1582323450789, 'tick_direction': 1, 'price': 0.0095, 'iv': 51.27, 'instrument_name': 'BTC-28FEB20-9250-P', 'index_price': 9665.21, 'direction': 'buy', 'amount': 1.9}
{'trade_seq': 59, 'trade_id': '62571200', 'timestamp': 1582323450789, 'tick_direction': 0, 'price': 0.0095, 'iv': 51.27, 'instrument_name': 'BTC-28FEB20-9250-P', 'index_price': 9665.21, 'direction': 'buy', 'amount': 0.1}
{'trade_seq': 1013, 'trade_id': '62571446', 'timestamp': 1582323987095, 'tick_direction': 3, 'price': 0.002, 'iv': 59.81, 'instrument_name': 'BTC-28FEB20-11000-C', 'index_price': 9665.45, 'direction': 'sell', 'amount': 0.1}
{'trade_seq': 72, 'trade_id': '62571445', 'timestamp': 1582323987088, 'tick_direction': 2, 'price': 0.003, 'iv': 56.33, 'instrument_name': 'BTC-28FEB20-10750-C', 'index_price': 9665.45, 'direction': 'sell', 'amount': 0.1}
{'trade_seq': 727, 'trade_id': '62571444', 'timestamp': 1582323987069, 'tick_direction': 2, 'price': 0.005, 'iv': 54.04, 'instrument_name': 'BTC-28FEB20-10500-C', 'index_price': 9665.45, 'direction': 'sell', 'amount': 0.1}
{'trade_seq': 67, 'trade_id': '62571443', 'timestamp': 1582323987065, 'tick_direction': 2, 'price': 0.008, 'iv': 50.87, 'instrument_name': 'BTC-28FEB20-10250-C', 'index_price': 9665.45, 'direction': 'sell', 'amount': 0.1}
{'trade_seq': 1334, 'trade_id': '62571442', 'timestamp': 1582323987050, 'tick_direction': 0, 'price': 0.0155, 'iv': 52.96, 'instrument_name': 'BTC-28FEB20-10000-C', 'index_price': 9665.45, 'direction': 'buy', 'amount': 0.1}
{'trade_seq': 61, 'trade_id': '62571441', 'timestamp': 1582323987033, 'tick_direction': 2, 'price': 0.0085, 'iv': 48.7, 'instrument_name': 'BTC-28FEB20-9250-P', 'index_price': 9665.45, 'direction': 'sell', 'amount': 0.1}
{'trade_seq': 1045, 'trade_id': '62571440', 'timestamp': 1582323987029, 'tick_direction': 2, 'price': 0.0045, 'iv': 51.32, 'instrument_name': 'BTC-28FEB20-9000-P', 'index_price': 9665.45, 'direction': 'sell', 'amount': 0.1}
{'trade_seq': 56, 'trade_id': '62571439', 'timestamp': 1582323987011, 'tick_direction': 0, 'price': 0.003, 'iv': 57.75, 'instrument_name': 'BTC-28FEB20-8750-P', 'index_price': 9665.45, 'direction': 'sell', 'amount': 0.1}
{'trade_seq': 888, 'trade_id': '62571438', 'timestamp': 1582323986999, 'tick_direction': 2, 'price': 0.0015, 'iv': 60.0, 'instrument_name': 'BTC-28FEB20-8500-P', 'index_price': 9665.45, 'direction': 'sell', 'amount': 0.2}
{'trade_seq': 62, 'trade_id': '62571571', 'timestamp': 1582324156912, 'tick_direction': 0, 'price': 0.0095, 'iv': 51.58, 'instrument_name': 'BTC-28FEB20-9250-P', 'index_price': 9671.16, 'direction': 'sell', 'amount': 3.0}
{'trade_seq': 1080, 'trade_id': '62571665', 'timestamp': 1582324235051, 'tick_direction': 1, 'price': 0.0175, 'iv': 50.63, 'instrument_name': 'BTC-28FEB20-9500-P', 'index_price': 9665.39, 'direction': 'buy', 'amount': 0.1}
{'trade_seq': 1079, 'trade_id': '62571664', 'timestamp': 1582324235051, 'tick_direction': 1, 'price': 0.0175, 'iv': 50.63, 'instrument_name': 'BTC-28FEB20-9500-P', 'index_price': 9665.39, 'direction': 'buy', 'amount': 2.9}
{'trade_seq': 640, 'trade_id': '62572023', 'timestamp': 1582325211629, 'tick_direction': 2, 'price': 0.037, 'iv': 50.32, 'instrument_name': 'BTC-28FEB20-9500-C', 'index_price': 9652.27, 'direction': 'sell', 'amount': 1.0}
{'trade_seq': 1081, 'trade_id': '62572247', 'timestamp': 1582325402993, 'tick_direction': 2, 'price': 0.0165, 'iv': 48.83, 'instrument_name': 'BTC-28FEB20-9500-P', 'index_price': 9667.83, 'direction': 'sell', 'amount': 3.0}
{'trade_seq': 1014, 'trade_id': '62573506', 'timestamp': 1582327587795, 'tick_direction': 3, 'price': 0.002, 'iv': 58.89, 'instrument_name': 'BTC-28FEB20-11000-C', 'index_price': 9694.55, 'direction': 'sell', 'amount': 0.1}
{'trade_seq': 73, 'trade_id': '62573505', 'timestamp': 1582327587793, 'tick_direction': 3, 'price': 0.003, 'iv': 55.29, 'instrument_name': 'BTC-28FEB20-10750-C', 'index_price': 9694.55, 'direction': 'sell', 'amount': 0.1}
{'trade_seq': 728, 'trade_id': '62573504', 'timestamp': 1582327587787, 'tick_direction': 0, 'price': 0.0055, 'iv': 54.47, 'instrument_name': 'BTC-28FEB20-10500-C', 'index_price': 9694.55, 'direction': 'sell', 'amount': 0.1}
{'trade_seq': 68, 'trade_id': '62573503', 'timestamp': 1582327587776, 'tick_direction': 0, 'price': 0.0085, 'iv': 50.68, 'instrument_name': 'BTC-28FEB20-10250-C', 'index_price': 9694.55, 'direction': 'sell', 'amount': 0.1}
{'trade_seq': 1335, 'trade_id': '62573502', 'timestamp': 1582327587764, 'tick_direction': 0, 'price': 0.0165, 'iv': 53.12, 'instrument_name': 'BTC-28FEB20-10000-C', 'index_price': 9694.55, 'direction': 'buy', 'amount': 0.1}
{'trade_seq': 63, 'trade_id': '62573501', 'timestamp': 1582327587762, 'tick_direction': 2, 'price': 0.0075, 'iv': 47.99, 'instrument_name': 'BTC-28FEB20-9250-P', 'index_price': 9694.55, 'direction': 'sell', 'amount': 0.1}
{'trade_seq': 1046, 'trade_id': '62573500', 'timestamp': 1582327587760, 'tick_direction': 3, 'price': 0.0045, 'iv': 52.93, 'instrument_name': 'BTC-28FEB20-9000-P', 'index_price': 9694.55, 'direction': 'sell', 'amount': 0.1}
{'trade_seq': 57, 'trade_id': '62573499', 'timestamp': 1582327587759, 'tick_direction': 2, 'price': 0.0025, 'iv': 56.6, 'instrument_name': 'BTC-28FEB20-8750-P', 'index_price': 9694.55, 'direction': 'sell', 'amount': 0.1}
{'trade_seq': 889, 'trade_id': '62573498', 'timestamp': 1582327587741, 'tick_direction': 3, 'price': 0.0015, 'iv': 61.32, 'instrument_name': 'BTC-28FEB20-8500-P', 'index_price': 9694.55, 'direction': 'sell', 'amount': 0.1}
{'trade_seq': 1337, 'trade_id': '62573918', 'timestamp': 1582328071861, 'tick_direction': 1, 'price': 0.017, 'iv': 52.79, 'instrument_name': 'BTC-28FEB20-10000-C', 'index_price': 9713.55, 'direction': 'buy', 'amount': 2.4}
{'trade_seq': 1336, 'trade_id': '62573917', 'timestamp': 1582328071861, 'tick_direction': 0, 'price': 0.017, 'iv': 52.79, 'instrument_name': 'BTC-28FEB20-10000-C', 'index_price': 9713.55, 'direction': 'buy', 'amount': 2.6}
{'trade_seq': 1338, 'trade_id': '62573984', 'timestamp': 1582328099292, 'tick_direction': 0, 'price': 0.0175, 'iv': 53.62, 'instrument_name': 'BTC-28FEB20-10000-C', 'index_price': 9715.89, 'direction': 'buy', 'amount': 5.0}
{'trade_seq': 1018, 'trade_id': '62574091', 'timestamp': 1582328129701, 'tick_direction': 1, 'price': 0.0025, 'iv': 60.85, 'instrument_name': 'BTC-28FEB20-11000-C', 'index_price': 9720.02, 'direction': 'buy', 'amount': 5.9}
{'trade_seq': 1017, 'trade_id': '62574090', 'timestamp': 1582328129595, 'tick_direction': 1, 'price': 0.0025, 'iv': 60.85, 'instrument_name': 'BTC-28FEB20-11000-C', 'index_price': 9720.02, 'direction': 'buy', 'amount': 2.1}
{'trade_seq': 1016, 'trade_id': '62574089', 'timestamp': 1582328129595, 'tick_direction': 1, 'price': 0.0025, 'iv': 60.85, 'instrument_name': 'BTC-28FEB20-11000-C', 'index_price': 9720.02, 'direction': 'buy', 'amount': 4.9}
{'trade_seq': 1015, 'trade_id': '62574088', 'timestamp': 1582328129595, 'tick_direction': 0, 'price': 0.0025, 'iv': 60.85, 'instrument_name': 'BTC-28FEB20-11000-C', 'index_price': 9720.02, 'direction': 'buy', 'amount': 23.0}
{'trade_seq': 730, 'trade_id': '62574086', 'timestamp': 1582328127453, 'tick_direction': 0, 'price': 0.007, 'iv': 57.85, 'instrument_name': 'BTC-28FEB20-10500-C', 'index_price': 9720.11, 'direction': 'buy', 'amount': 23.9}
{'trade_seq': 729, 'trade_id': '62574085', 'timestamp': 1582328127453, 'tick_direction': 0, 'price': 0.006, 'iv': 54.85, 'instrument_name': 'BTC-28FEB20-10500-C', 'index_price': 9720.11, 'direction': 'buy', 'amount': 0.1}
{'trade_seq': 64, 'trade_id': '62574879', 'timestamp': 1582328859515, 'tick_direction': 0, 'price': 0.0085, 'iv': 51.76, 'instrument_name': 'BTC-28FEB20-9250-P', 'index_price': 9712.7, 'direction': 'buy', 'amount': 1.0}
{'trade_seq': 731, 'trade_id': '62576630', 'timestamp': 1582330864154, 'tick_direction': 1, 'price': 0.007, 'iv': 58.32, 'instrument_name': 'BTC-28FEB20-10500-C', 'index_price': 9712.54, 'direction': 'buy', 'amount': 0.1}
{'trade_seq': 1019, 'trade_id': '62576751', 'timestamp': 1582331188389, 'tick_direction': 2, 'price': 0.002, 'iv': 58.57, 'instrument_name': 'BTC-28FEB20-11000-C', 'index_price': 9707.03, 'direction': 'sell', 'amount': 0.1}
{'trade_seq': 74, 'trade_id': '62576750', 'timestamp': 1582331188376, 'tick_direction': 3, 'price': 0.003, 'iv': 54.91, 'instrument_name': 'BTC-28FEB20-10750-C', 'index_price': 9707.03, 'direction': 'sell', 'amount': 0.1}
{'trade_seq': 69, 'trade_id': '62576749', 'timestamp': 1582331188349, 'tick_direction': 0, 'price': 0.009, 'iv': 51.33, 'instrument_name': 'BTC-28FEB20-10250-C', 'index_price': 9707.03, 'direction': 'sell', 'amount': 0.1}
{'trade_seq': 1339, 'trade_id': '62576748', 'timestamp': 1582331188345, 'tick_direction': 2, 'price': 0.017, 'iv': 53.33, 'instrument_name': 'BTC-28FEB20-10000-C', 'index_price': 9707.03, 'direction': 'buy', 'amount': 0.1}
{'trade_seq': 65, 'trade_id': '62576747', 'timestamp': 1582331188321, 'tick_direction': 2, 'price': 0.007, 'iv': 47.57, 'instrument_name': 'BTC-28FEB20-9250-P', 'index_price': 9707.03, 'direction': 'sell', 'amount': 0.1}
{'trade_seq': 1047, 'trade_id': '62576746', 'timestamp': 1582331188289, 'tick_direction': 2, 'price': 0.004, 'iv': 51.87, 'instrument_name': 'BTC-28FEB20-9000-P', 'index_price': 9707.03, 'direction': 'sell', 'amount': 0.1}
{'trade_seq': 58, 'trade_id': '62576745', 'timestamp': 1582331188287, 'tick_direction': 3, 'price': 0.0025, 'iv': 57.36, 'instrument_name': 'BTC-28FEB20-8750-P', 'index_price': 9707.03, 'direction': 'sell', 'amount': 0.1}
{'trade_seq': 890, 'trade_id': '62576744', 'timestamp': 1582331188282, 'tick_direction': 3, 'price': 0.0015, 'iv': 62.03, 'instrument_name': 'BTC-28FEB20-8500-P', 'index_price': 9707.03, 'direction': 'sell', 'amount': 0.1}
{'trade_seq': 94, 'trade_id': '62578479', 'timestamp': 1582334591022, 'tick_direction': 3, 'price': 0.027, 'iv': 47.3, 'instrument_name': 'BTC-28FEB20-9750-P', 'index_price': 9673.94, 'direction': 'buy', 'amount': 0.6}
{'trade_seq': 93, 'trade_id': '62578478', 'timestamp': 1582334591022, 'tick_direction': 2, 'price': 0.027, 'iv': 47.3, 'instrument_name': 'BTC-28FEB20-9750-P', 'index_price': 9673.94, 'direction': 'buy', 'amount': 0.6}
{'trade_seq': 1340, 'trade_id': '62578580', 'timestamp': 1582334789428, 'tick_direction': 2, 'price': 0.016, 'iv': 53.21, 'instrument_name': 'BTC-28FEB20-10000-C', 'index_price': 9683.28, 'direction': 'buy', 'amount': 0.1}
{'trade_seq': 66, 'trade_id': '62578579', 'timestamp': 1582334789415, 'tick_direction': 0, 'price': 0.0075, 'iv': 47.68, 'instrument_name': 'BTC-28FEB20-9250-P', 'index_price': 9683.28, 'direction': 'sell', 'amount': 0.1}
{'trade_seq': 1048, 'trade_id': '62578578', 'timestamp': 1582334789408, 'tick_direction': 3, 'price': 0.004, 'iv': 50.88, 'instrument_name': 'BTC-28FEB20-9000-P', 'index_price': 9683.28, 'direction': 'sell', 'amount': 0.1}
{'trade_seq': 59, 'trade_id': '62578577', 'timestamp': 1582334789403, 'tick_direction': 3, 'price': 0.0025, 'iv': 56.52, 'instrument_name': 'BTC-28FEB20-8750-P', 'index_price': 9683.28, 'direction': 'sell', 'amount': 0.1}
{'trade_seq': 891, 'trade_id': '62578576', 'timestamp': 1582334789399, 'tick_direction': 3, 'price': 0.0015, 'iv': 61.31, 'instrument_name': 'BTC-28FEB20-8500-P', 'index_price': 9683.28, 'direction': 'sell', 'amount': 0.1}
{'trade_seq': 742, 'trade_id': '62578721', 'timestamp': 1582335077953, 'tick_direction': 3, 'price': 0.043, 'iv': 49.19, 'instrument_name': 'BTC-28FEB20-10000-P', 'index_price': 9687.3, 'direction': 'sell', 'amount': 1.0}
{'trade_seq': 741, 'trade_id': '62578720', 'timestamp': 1582335077953, 'tick_direction': 3, 'price': 0.043, 'iv': 49.19, 'instrument_name': 'BTC-28FEB20-10000-P', 'index_price': 9687.3, 'direction': 'sell', 'amount': 1.0}
{'trade_seq': 740, 'trade_id': '62578719', 'timestamp': 1582335077953, 'tick_direction': 3, 'price': 0.043, 'iv': 49.19, 'instrument_name': 'BTC-28FEB20-10000-P', 'index_price': 9687.3, 'direction': 'sell', 'amount': 1.0}
{'trade_seq': 739, 'trade_id': '62578718', 'timestamp': 1582335077953, 'tick_direction': 2, 'price': 0.043, 'iv': 49.19, 'instrument_name': 'BTC-28FEB20-10000-P', 'index_price': 9687.3, 'direction': 'sell', 'amount': 1.0}
{'trade_seq': 1021, 'trade_id': '62579644', 'timestamp': 1582336908726, 'tick_direction': 3, 'price': 0.002, 'iv': 60.21, 'instrument_name': 'BTC-28FEB20-11000-C', 'index_price': 9672.91, 'direction': 'buy', 'amount': 14.0}
{'trade_seq': 1020, 'trade_id': '62579643', 'timestamp': 1582336908725, 'tick_direction': 3, 'price': 0.002, 'iv': 60.21, 'instrument_name': 'BTC-28FEB20-11000-C', 'index_price': 9672.91, 'direction': 'buy', 'amount': 16.0}
{'trade_seq': 485, 'trade_id': '62579642', 'timestamp': 1582336908704, 'tick_direction': 3, 'price': 0.001, 'iv': 67.43, 'instrument_name': 'BTC-28FEB20-11500-C', 'index_price': 9672.91, 'direction': 'sell', 'amount': 0.4}
{'trade_seq': 484, 'trade_id': '62579641', 'timestamp': 1582336908704, 'tick_direction': 3, 'price': 0.001, 'iv': 67.43, 'instrument_name': 'BTC-28FEB20-11500-C', 'index_price': 9672.91, 'direction': 'sell', 'amount': 0.1}
{'trade_seq': 483, 'trade_id': '62579640', 'timestamp': 1582336908704, 'tick_direction': 3, 'price': 0.001, 'iv': 67.43, 'instrument_name': 'BTC-28FEB20-11500-C', 'index_price': 9672.91, 'direction': 'sell', 'amount': 4.0}
{'trade_seq': 482, 'trade_id': '62579639', 'timestamp': 1582336908704, 'tick_direction': 3, 'price': 0.001, 'iv': 67.43, 'instrument_name': 'BTC-28FEB20-11500-C', 'index_price': 9672.91, 'direction': 'sell', 'amount': 4.0}
{'trade_seq': 481, 'trade_id': '62579638', 'timestamp': 1582336908704, 'tick_direction': 2, 'price': 0.001, 'iv': 67.43, 'instrument_name': 'BTC-28FEB20-11500-C', 'index_price': 9672.91, 'direction': 'sell', 'amount': 4.0}
{'trade_seq': 399, 'trade_id': '62579636', 'timestamp': 1582336908681, 'tick_direction': 3, 'price': 0.0005, 'iv': 73.25, 'instrument_name': 'BTC-28FEB20-12000-C', 'index_price': 9672.91, 'direction': 'sell', 'amount': 0.5}
{'trade_seq': 398, 'trade_id': '62579635', 'timestamp': 1582336908681, 'tick_direction': 2, 'price': 0.0005, 'iv': 73.25, 'instrument_name': 'BTC-28FEB20-12000-C', 'index_price': 9672.91, 'direction': 'sell', 'amount': 0.4}
{'trade_seq': 736, 'trade_id': '62579634', 'timestamp': 1582336906585, 'tick_direction': 3, 'price': 0.0045, 'iv': 52.57, 'instrument_name': 'BTC-28FEB20-10500-C', 'index_price': 9672.91, 'direction': 'sell', 'amount': 28.0}
{'trade_seq': 735, 'trade_id': '62579633', 'timestamp': 1582336906585, 'tick_direction': 3, 'price': 0.0045, 'iv': 52.57, 'instrument_name': 'BTC-28FEB20-10500-C', 'index_price': 9672.91, 'direction': 'sell', 'amount': 30.0}
{'trade_seq': 734, 'trade_id': '62579632', 'timestamp': 1582336906585, 'tick_direction': 3, 'price': 0.0045, 'iv': 52.57, 'instrument_name': 'BTC-28FEB20-10500-C', 'index_price': 9672.91, 'direction': 'sell', 'amount': 15.0}
{'trade_seq': 733, 'trade_id': '62579631', 'timestamp': 1582336906585, 'tick_direction': 3, 'price': 0.0045, 'iv': 52.57, 'instrument_name': 'BTC-28FEB20-10500-C', 'index_price': 9672.91, 'direction': 'sell', 'amount': 5.0}
{'trade_seq': 732, 'trade_id': '62579630', 'timestamp': 1582336906585, 'tick_direction': 2, 'price': 0.0045, 'iv': 52.57, 'instrument_name': 'BTC-28FEB20-10500-C', 'index_price': 9672.91, 'direction': 'sell', 'amount': 2.0}
{'trade_seq': 489, 'trade_id': '62579670', 'timestamp': 1582336918422, 'tick_direction': 3, 'price': 0.0005, 'iv': 60.6, 'instrument_name': 'BTC-28FEB20-11500-C', 'index_price': 9672.61, 'direction': 'sell', 'amount': 11.8}
{'trade_seq': 488, 'trade_id': '62579669', 'timestamp': 1582336918422, 'tick_direction': 3, 'price': 0.0005, 'iv': 60.6, 'instrument_name': 'BTC-28FEB20-11500-C', 'index_price': 9672.61, 'direction': 'sell', 'amount': 5.0}
{'trade_seq': 487, 'trade_id': '62579668', 'timestamp': 1582336918422, 'tick_direction': 3, 'price': 0.0005, 'iv': 60.6, 'instrument_name': 'BTC-28FEB20-11500-C', 'index_price': 9672.61, 'direction': 'sell', 'amount': 3.0}
{'trade_seq': 486, 'trade_id': '62579667', 'timestamp': 1582336918422, 'tick_direction': 2, 'price': 0.0005, 'iv': 60.6, 'instrument_name': 'BTC-28FEB20-11500-C', 'index_price': 9672.61, 'direction': 'sell', 'amount': 0.2}
{'trade_seq': 95, 'trade_id': '62579680', 'timestamp': 1582336937462, 'tick_direction': 2, 'price': 0.0265, 'iv': 46.04, 'instrument_name': 'BTC-28FEB20-9750-P', 'index_price': 9671.89, 'direction': 'sell', 'amount': 3.0}
{'trade_seq': 1341, 'trade_id': '62579691', 'timestamp': 1582336966804, 'tick_direction': 2, 'price': 0.0145, 'iv': 51.19, 'instrument_name': 'BTC-28FEB20-10000-C', 'index_price': 9669.48, 'direction': 'sell', 'amount': 5.0}
{'trade_seq': 1342, 'trade_id': '62580584', 'timestamp': 1582338389991, 'tick_direction': 3, 'price': 0.0145, 'iv': 51.41, 'instrument_name': 'BTC-28FEB20-10000-C', 'index_price': 9667.41, 'direction': 'buy', 'amount': 0.1}
{'trade_seq': 1049, 'trade_id': '62580583', 'timestamp': 1582338389969, 'tick_direction': 3, 'price': 0.004, 'iv': 50.26, 'instrument_name': 'BTC-28FEB20-9000-P', 'index_price': 9667.41, 'direction': 'sell', 'amount': 0.1}
{'trade_seq': 60, 'trade_id': '62580582', 'timestamp': 1582338389959, 'tick_direction': 3, 'price': 0.0025, 'iv': 56.01, 'instrument_name': 'BTC-28FEB20-8750-P', 'index_price': 9667.41, 'direction': 'sell', 'amount': 0.1}
{'trade_seq': 892, 'trade_id': '62580581', 'timestamp': 1582338389946, 'tick_direction': 3, 'price': 0.0015, 'iv': 60.89, 'instrument_name': 'BTC-28FEB20-8500-P', 'index_price': 9667.41, 'direction': 'sell', 'amount': 0.1}
{'trade_seq': 510, 'trade_id': '62580614', 'timestamp': 1582338481047, 'tick_direction': 3, 'price': 0.0005, 'iv': 89.42, 'instrument_name': 'BTC-28FEB20-7500-P', 'index_price': 9666.43, 'direction': 'sell', 'amount': 5.0}
{'trade_seq': 743, 'trade_id': '62580864', 'timestamp': 1582339032958, 'tick_direction': 0, 'price': 0.0435, 'iv': 47.29, 'instrument_name': 'BTC-28FEB20-10000-P', 'index_price': 9667.43, 'direction': 'sell', 'amount': 3.0}
{'trade_seq': 737, 'trade_id': '62580874', 'timestamp': 1582339067258, 'tick_direction': 0, 'price': 0.005, 'iv': 54.71, 'instrument_name': 'BTC-28FEB20-10500-C', 'index_price': 9667.04, 'direction': 'buy', 'amount': 0.2}
{'trade_seq': 1082, 'trade_id': '62580971', 'timestamp': 1582339423694, 'tick_direction': 2, 'price': 0.016, 'iv': 47.61, 'instrument_name': 'BTC-28FEB20-9500-P', 'index_price': 9657.03, 'direction': 'buy', 'amount': 0.1}
{'trade_seq': 1086, 'trade_id': '62581030', 'timestamp': 1582339472564, 'tick_direction': 3, 'price': 0.015, 'iv': 45.85, 'instrument_name': 'BTC-28FEB20-9500-P', 'index_price': 9661.28, 'direction': 'sell', 'amount': 1.0}
{'trade_seq': 1085, 'trade_id': '62581029', 'timestamp': 1582339472564, 'tick_direction': 3, 'price': 0.015, 'iv': 45.85, 'instrument_name': 'BTC-28FEB20-9500-P', 'index_price': 9661.28, 'direction': 'sell', 'amount': 1.0}
{'trade_seq': 1084, 'trade_id': '62581028', 'timestamp': 1582339472564, 'tick_direction': 3, 'price': 0.015, 'iv': 45.85, 'instrument_name': 'BTC-28FEB20-9500-P', 'index_price': 9661.28, 'direction': 'sell', 'amount': 1.0}
{'trade_seq': 1083, 'trade_id': '62581027', 'timestamp': 1582339472564, 'tick_direction': 2, 'price': 0.015, 'iv': 45.85, 'instrument_name': 'BTC-28FEB20-9500-P', 'index_price': 9661.28, 'direction': 'sell', 'amount': 1.0}
{'trade_seq': 74, 'trade_id': '62581026', 'timestamp': 1582339470965, 'tick_direction': 2, 'price': 0.0225, 'iv': 48.51, 'instrument_name': 'BTC-28FEB20-9750-C', 'index_price': 9661.26, 'direction': 'sell', 'amount': 1.0}
{'trade_seq': 1050, 'trade_id': '62581032', 'timestamp': 1582339485080, 'tick_direction': 3, 'price': 0.004, 'iv': 49.99, 'instrument_name': 'BTC-28FEB20-9000-P', 'index_price': 9661.49, 'direction': 'sell', 'amount': 0.5}
{'trade_seq': 1087, 'trade_id': '62581124', 'timestamp': 1582339613866, 'tick_direction': 0, 'price': 0.016, 'iv': 47.29, 'instrument_name': 'BTC-28FEB20-9500-P', 'index_price': 9652.85, 'direction': 'buy', 'amount': 0.1}
{'trade_seq': 744, 'trade_id': '62581433', 'timestamp': 1582340712844, 'tick_direction': 0, 'price': 0.044, 'iv': 48.52, 'instrument_name': 'BTC-28FEB20-10000-P', 'index_price': 9667.28, 'direction': 'buy', 'amount': 3.0}
{'trade_seq': 745, 'trade_id': '62581448', 'timestamp': 1582340746642, 'tick_direction': 2, 'price': 0.043, 'iv': 46.42, 'instrument_name': 'BTC-28FEB20-10000-P', 'index_price': 9667.75, 'direction': 'sell', 'amount': 3.0}
{'trade_seq': 1088, 'trade_id': '62581546', 'timestamp': 1582340862425, 'tick_direction': 2, 'price': 0.015, 'iv': 46.78, 'instrument_name': 'BTC-28FEB20-9500-P', 'index_price': 9671.34, 'direction': 'buy', 'amount': 0.1}
{'trade_seq': 70, 'trade_id': '62581764', 'timestamp': 1582341309933, 'tick_direction': 2, 'price': 0.0085, 'iv': 52.4, 'instrument_name': 'BTC-28FEB20-10250-C', 'index_price': 9675.95, 'direction': 'buy', 'amount': 0.1}
{'trade_seq': 75, 'trade_id': '62581765', 'timestamp': 1582341313374, 'tick_direction': 0, 'price': 0.0235, 'iv': 49.14, 'instrument_name': 'BTC-28FEB20-9750-C', 'index_price': 9675.57, 'direction': 'buy', 'amount': 0.1}
{'trade_seq': 641, 'trade_id': '62582007', 'timestamp': 1582341823285, 'tick_direction': 0, 'price': 0.0375, 'iv': 48.68, 'instrument_name': 'BTC-28FEB20-9500-C', 'index_price': 9680.44, 'direction': 'buy', 'amount': 0.1}
{'trade_seq': 642, 'trade_id': '62582348', 'timestamp': 1582341881201, 'tick_direction': 0, 'price': 0.0385, 'iv': 49.45, 'instrument_name': 'BTC-28FEB20-9500-C', 'index_price': 9690.01, 'direction': 'buy', 'amount': 0.1}
{'trade_seq': 643, 'trade_id': '62582410', 'timestamp': 1582342072307, 'tick_direction': 1, 'price': 0.0385, 'iv': 49.82, 'instrument_name': 'BTC-28FEB20-9500-C', 'index_price': 9687.18, 'direction': 'buy', 'amount': 0.1}
{'trade_seq': 746, 'trade_id': '62582471', 'timestamp': 1582342154132, 'tick_direction': 2, 'price': 0.0425, 'iv': 47.94, 'instrument_name': 'BTC-28FEB20-10000-P', 'index_price': 9683.03, 'direction': 'buy', 'amount': 3.0}
{'trade_seq': 71, 'trade_id': '62582543', 'timestamp': 1582342346327, 'tick_direction': 2, 'price': 0.0075, 'iv': 49.75, 'instrument_name': 'BTC-28FEB20-10250-C', 'index_price': 9675.6, 'direction': 'sell', 'amount': 0.2}
{'trade_seq': 97, 'trade_id': '62582686', 'timestamp': 1582342773457, 'tick_direction': 3, 'price': 0.0265, 'iv': 47.97, 'instrument_name': 'BTC-28FEB20-9750-P', 'index_price': 9686.72, 'direction': 'buy', 'amount': 3.0}
{'trade_seq': 96, 'trade_id': '62582685', 'timestamp': 1582342773457, 'tick_direction': 3, 'price': 0.0265, 'iv': 47.97, 'instrument_name': 'BTC-28FEB20-9750-P', 'index_price': 9686.72, 'direction': 'buy', 'amount': 0.1}
{'trade_seq': 98, 'trade_id': '62582707', 'timestamp': 1582342814668, 'tick_direction': 2, 'price': 0.025, 'iv': 44.84, 'instrument_name': 'BTC-28FEB20-9750-P', 'index_price': 9684.57, 'direction': 'sell', 'amount': 0.1}
{'trade_seq': 1089, 'trade_id': '62582718', 'timestamp': 1582342885353, 'tick_direction': 2, 'price': 0.0145, 'iv': 47.1, 'instrument_name': 'BTC-28FEB20-9500-P', 'index_price': 9687.39, 'direction': 'buy', 'amount': 0.1}
{'trade_seq': 1090, 'trade_id': '62582725', 'timestamp': 1582342934426, 'tick_direction': 3, 'price': 0.0145, 'iv': 47.07, 'instrument_name': 'BTC-28FEB20-9500-P', 'index_price': 9687.42, 'direction': 'buy', 'amount': 0.1}
{'trade_seq': 1091, 'trade_id': '62582738', 'timestamp': 1582342971481, 'tick_direction': 0, 'price': 0.015, 'iv': 47.93, 'instrument_name': 'BTC-28FEB20-9500-P', 'index_price': 9684.46, 'direction': 'buy', 'amount': 0.1}
{'trade_seq': 1092, 'trade_id': '62582758', 'timestamp': 1582343299256, 'tick_direction': 2, 'price': 0.0145, 'iv': 47.13, 'instrument_name': 'BTC-28FEB20-9500-P', 'index_price': 9687.27, 'direction': 'buy', 'amount': 0.1}
{'trade_seq': 747, 'trade_id': '62582763', 'timestamp': 1582343309153, 'tick_direction': 2, 'price': 0.042, 'iv': 47.61, 'instrument_name': 'BTC-28FEB20-10000-P', 'index_price': 9687.31, 'direction': 'sell', 'amount': 3.0}
{'trade_seq': 1093, 'trade_id': '62582764', 'timestamp': 1582343319394, 'tick_direction': 3, 'price': 0.0145, 'iv': 47.15, 'instrument_name': 'BTC-28FEB20-9500-P', 'index_price': 9686.96, 'direction': 'buy', 'amount': 0.1}
{'trade_seq': 1094, 'trade_id': '62582765', 'timestamp': 1582343341062, 'tick_direction': 3, 'price': 0.0145, 'iv': 47.18, 'instrument_name': 'BTC-28FEB20-9500-P', 'index_price': 9687.91, 'direction': 'buy', 'amount': 0.1}
{'trade_seq': 1095, 'trade_id': '62582766', 'timestamp': 1582343362206, 'tick_direction': 3, 'price': 0.0145, 'iv': 47.14, 'instrument_name': 'BTC-28FEB20-9500-P', 'index_price': 9686.36, 'direction': 'sell', 'amount': 0.1}
{'trade_seq': 1096, 'trade_id': '62582958', 'timestamp': 1582344127159, 'tick_direction': 0, 'price': 0.015, 'iv': 47.23, 'instrument_name': 'BTC-28FEB20-9500-P', 'index_price': 9674.65, 'direction': 'buy', 'amount': 25.0}
{'trade_seq': 76, 'trade_id': '62583556', 'timestamp': 1582345712238, 'tick_direction': 2, 'price': 0.0215, 'iv': 46.79, 'instrument_name': 'BTC-28FEB20-9750-C', 'index_price': 9660.29, 'direction': 'sell', 'amount': 0.2}
{'trade_seq': 100, 'trade_id': '62583630', 'timestamp': 1582345799527, 'tick_direction': 1, 'price': 0.027, 'iv': 45.74, 'instrument_name': 'BTC-28FEB20-9750-P', 'index_price': 9657.06, 'direction': 'buy', 'amount': 0.6}
{'trade_seq': 99, 'trade_id': '62583629', 'timestamp': 1582345799527, 'tick_direction': 0, 'price': 0.027, 'iv': 45.74, 'instrument_name': 'BTC-28FEB20-9750-P', 'index_price': 9657.06, 'direction': 'buy', 'amount': 0.6}
{'trade_seq': 1343, 'trade_id': '62583667', 'timestamp': 1582345898558, 'tick_direction': 2, 'price': 0.013, 'iv': 48.99, 'instrument_name': 'BTC-28FEB20-10000-C', 'index_price': 9661.56, 'direction': 'sell', 'amount': 3.0}
{'trade_seq': 72, 'trade_id': '62583773', 'timestamp': 1582346063105, 'tick_direction': 0, 'price': 0.008, 'iv': 52.5, 'instrument_name': 'BTC-28FEB20-10250-C', 'index_price': 9655.1, 'direction': 'buy', 'amount': 3.0}
{'trade_seq': 1345, 'trade_id': '62583912', 'timestamp': 1582346156261, 'tick_direction': 3, 'price': 0.0125, 'iv': 48.66, 'instrument_name': 'BTC-28FEB20-10000-C', 'index_price': 9651.47, 'direction': 'buy', 'amount': 3.0}
{'trade_seq': 1344, 'trade_id': '62583911', 'timestamp': 1582346156139, 'tick_direction': 2, 'price': 0.0125, 'iv': 48.66, 'instrument_name': 'BTC-28FEB20-10000-C', 'index_price': 9651.47, 'direction': 'buy', 'amount': 18.7}
{'trade_seq': 1098, 'trade_id': '62583918', 'timestamp': 1582346162053, 'tick_direction': 1, 'price': 0.0155, 'iv': 46.46, 'instrument_name': 'BTC-28FEB20-9500-P', 'index_price': 9652.38, 'direction': 'sell', 'amount': 1.0}
{'trade_seq': 1097, 'trade_id': '62583917', 'timestamp': 1582346162053, 'tick_direction': 0, 'price': 0.0155, 'iv': 46.46, 'instrument_name': 'BTC-28FEB20-9500-P', 'index_price': 9652.38, 'direction': 'sell', 'amount': 1.0}
{'trade_seq': 1346, 'trade_id': '62583963', 'timestamp': 1582346168316, 'tick_direction': 3, 'price': 0.0125, 'iv': 48.56, 'instrument_name': 'BTC-28FEB20-10000-C', 'index_price': 9653.48, 'direction': 'buy', 'amount': 50.0}
{'trade_seq': 1022, 'trade_id': '62583997', 'timestamp': 1582346243944, 'tick_direction': 3, 'price': 0.002, 'iv': 61.35, 'instrument_name': 'BTC-28FEB20-11000-C', 'index_price': 9657.18, 'direction': 'sell', 'amount': 1.0}
{'trade_seq': 1349, 'trade_id': '62584241', 'timestamp': 1582346731436, 'tick_direction': 3, 'price': 0.012, 'iv': 47.55, 'instrument_name': 'BTC-28FEB20-10000-C', 'index_price': 9652.03, 'direction': 'buy', 'amount': 4.6}
{'trade_seq': 1348, 'trade_id': '62584240', 'timestamp': 1582346731267, 'tick_direction': 3, 'price': 0.012, 'iv': 47.55, 'instrument_name': 'BTC-28FEB20-10000-C', 'index_price': 9652.03, 'direction': 'buy', 'amount': 18.8}
{'trade_seq': 1347, 'trade_id': '62584239', 'timestamp': 1582346731259, 'tick_direction': 2, 'price': 0.012, 'iv': 47.55, 'instrument_name': 'BTC-28FEB20-10000-C', 'index_price': 9652.03, 'direction': 'sell', 'amount': 24.0}
{'trade_seq': 1350, 'trade_id': '62584244', 'timestamp': 1582346732378, 'tick_direction': 3, 'price': 0.012, 'iv': 47.56, 'instrument_name': 'BTC-28FEB20-10000-C', 'index_price': 9652.03, 'direction': 'buy', 'amount': 24.0}
{'trade_seq': 74, 'trade_id': '62584250', 'timestamp': 1582346741128, 'tick_direction': 3, 'price': 0.0075, 'iv': 51.35, 'instrument_name': 'BTC-28FEB20-10250-C', 'index_price': 9652.52, 'direction': 'sell', 'amount': 0.1}
{'trade_seq': 73, 'trade_id': '62584249', 'timestamp': 1582346741128, 'tick_direction': 2, 'price': 0.0075, 'iv': 51.35, 'instrument_name': 'BTC-28FEB20-10250-C', 'index_price': 9652.52, 'direction': 'sell', 'amount': 2.8}
{'trade_seq': 1351, 'trade_id': '62584278', 'timestamp': 1582346779266, 'tick_direction': 3, 'price': 0.012, 'iv': 47.45, 'instrument_name': 'BTC-28FEB20-10000-C', 'index_price': 9653.64, 'direction': 'buy', 'amount': 20.0}
{'trade_seq': 1352, 'trade_id': '62584282', 'timestamp': 1582346861728, 'tick_direction': 3, 'price': 0.012, 'iv': 47.55, 'instrument_name': 'BTC-28FEB20-10000-C', 'index_price': 9652.25, 'direction': 'buy', 'amount': 3.9}
{'trade_seq': 76, 'trade_id': '62584285', 'timestamp': 1582346896460, 'tick_direction': 3, 'price': 0.003, 'iv': 58.1, 'instrument_name': 'BTC-28FEB20-10750-C', 'index_price': 9651.89, 'direction': 'sell', 'amount': 0.1}
{'trade_seq': 75, 'trade_id': '62584284', 'timestamp': 1582346896460, 'tick_direction': 3, 'price': 0.003, 'iv': 58.1, 'instrument_name': 'BTC-28FEB20-10750-C', 'index_price': 9651.89, 'direction': 'sell', 'amount': 0.1}
{'trade_seq': 740, 'trade_id': '62584525', 'timestamp': 1582347073100, 'tick_direction': 3, 'price': 0.0035, 'iv': 50.67, 'instrument_name': 'BTC-28FEB20-10500-C', 'index_price': 9643.86, 'direction': 'sell', 'amount': 6.9}
{'trade_seq': 739, 'trade_id': '62584524', 'timestamp': 1582347073100, 'tick_direction': 2, 'price': 0.0035, 'iv': 50.67, 'instrument_name': 'BTC-28FEB20-10500-C', 'index_price': 9643.86, 'direction': 'sell', 'amount': 13.0}
{'trade_seq': 738, 'trade_id': '62584523', 'timestamp': 1582347073100, 'tick_direction': 2, 'price': 0.004, 'iv': 52.63, 'instrument_name': 'BTC-28FEB20-10500-C', 'index_price': 9643.86, 'direction': 'sell', 'amount': 0.1}
{'trade_seq': 1023, 'trade_id': '62584557', 'timestamp': 1582347165734, 'tick_direction': 2, 'price': 0.0015, 'iv': 58.45, 'instrument_name': 'BTC-28FEB20-11000-C', 'index_price': 9643.19, 'direction': 'sell', 'amount': 0.1}
{'trade_seq': 75, 'trade_id': '62584556', 'timestamp': 1582347165733, 'tick_direction': 3, 'price': 0.0075, 'iv': 51.87, 'instrument_name': 'BTC-28FEB20-10250-C', 'index_price': 9643.19, 'direction': 'buy', 'amount': 0.1}
{'trade_seq': 1353, 'trade_id': '62584555', 'timestamp': 1582347165731, 'tick_direction': 0, 'price': 0.0125, 'iv': 49.25, 'instrument_name': 'BTC-28FEB20-10000-C', 'index_price': 9643.19, 'direction': 'buy', 'amount': 0.1}
{'trade_seq': 1051, 'trade_id': '62584554', 'timestamp': 1582347165729, 'tick_direction': 3, 'price': 0.004, 'iv': 49.46, 'instrument_name': 'BTC-28FEB20-9000-P', 'index_price': 9643.19, 'direction': 'sell', 'amount': 0.1}
{'trade_seq': 893, 'trade_id': '62584553', 'timestamp': 1582347165702, 'tick_direction': 3, 'price': 0.0015, 'iv': 60.44, 'instrument_name': 'BTC-28FEB20-8500-P', 'index_price': 9643.71, 'direction': 'sell', 'amount': 0.1}
{'trade_seq': 1056, 'trade_id': '62584773', 'timestamp': 1582347201101, 'tick_direction': 1, 'price': 0.005, 'iv': 52.88, 'instrument_name': 'BTC-28FEB20-9000-P', 'index_price': 9638.68, 'direction': 'buy', 'amount': 1.0}
{'trade_seq': 1055, 'trade_id': '62584772', 'timestamp': 1582347201101, 'tick_direction': 1, 'price': 0.005, 'iv': 52.88, 'instrument_name': 'BTC-28FEB20-9000-P', 'index_price': 9638.68, 'direction': 'buy', 'amount': 1.0}
{'trade_seq': 1054, 'trade_id': '62584771', 'timestamp': 1582347201101, 'tick_direction': 1, 'price': 0.005, 'iv': 52.88, 'instrument_name': 'BTC-28FEB20-9000-P', 'index_price': 9638.68, 'direction': 'buy', 'amount': 1.0}
{'trade_seq': 1053, 'trade_id': '62584770', 'timestamp': 1582347201101, 'tick_direction': 1, 'price': 0.005, 'iv': 52.88, 'instrument_name': 'BTC-28FEB20-9000-P', 'index_price': 9638.68, 'direction': 'buy', 'amount': 1.0}
{'trade_seq': 1052, 'trade_id': '62584769', 'timestamp': 1582347201101, 'tick_direction': 0, 'price': 0.005, 'iv': 52.88, 'instrument_name': 'BTC-28FEB20-9000-P', 'index_price': 9638.68, 'direction': 'buy', 'amount': 1.0}
{'trade_seq': 76, 'trade_id': '62585144', 'timestamp': 1582347435403, 'tick_direction': 2, 'price': 0.007, 'iv': 50.63, 'instrument_name': 'BTC-28FEB20-10250-C', 'index_price': 9640.27, 'direction': 'buy', 'amount': 0.1}
{'trade_seq': 102, 'trade_id': '62585288', 'timestamp': 1582347741306, 'tick_direction': 1, 'price': 0.029, 'iv': 46.94, 'instrument_name': 'BTC-28FEB20-9750-P', 'index_price': 9631.88, 'direction': 'buy', 'amount': 0.6}
{'trade_seq': 101, 'trade_id': '62585287', 'timestamp': 1582347741306, 'tick_direction': 0, 'price': 0.029, 'iv': 46.94, 'instrument_name': 'BTC-28FEB20-9750-P', 'index_price': 9631.88, 'direction': 'buy', 'amount': 0.6}
{'trade_seq': 748, 'trade_id': '62586665', 'timestamp': 1582349069186, 'tick_direction': 0, 'price': 0.0455, 'iv': 47.79, 'instrument_name': 'BTC-28FEB20-10000-P', 'index_price': 9640.69, 'direction': 'buy', 'amount': 3.0}
{'trade_seq': 1057, 'trade_id': '62586724', 'timestamp': 1582349147258, 'tick_direction': 2, 'price': 0.0045, 'iv': 51.26, 'instrument_name': 'BTC-28FEB20-9000-P', 'index_price': 9639.85, 'direction': 'sell', 'amount': 0.1}
{'trade_seq': 67, 'trade_id': '62587193', 'timestamp': 1582350126505, 'tick_direction': 1, 'price': 0.0075, 'iv': 45.65, 'instrument_name': 'BTC-28FEB20-9250-P', 'index_price': 9638.08, 'direction': 'sell', 'amount': 0.1}
{'trade_seq': 68, 'trade_id': '62587224', 'timestamp': 1582350141759, 'tick_direction': 0, 'price': 0.008, 'iv': 46.87, 'instrument_name': 'BTC-28FEB20-9250-P', 'index_price': 9637.28, 'direction': 'buy', 'amount': 0.1}
{'trade_seq': 1099, 'trade_id': '62587277', 'timestamp': 1582350215783, 'tick_direction': 0, 'price': 0.017, 'iv': 48.49, 'instrument_name': 'BTC-28FEB20-9500-P', 'index_price': 9636.67, 'direction': 'buy', 'amount': 3.0}
{'trade_seq': 644, 'trade_id': '62587494', 'timestamp': 1582350278651, 'tick_direction': 2, 'price': 0.0335, 'iv': 46.64, 'instrument_name': 'BTC-28FEB20-9500-C', 'index_price': 9634.76, 'direction': 'sell', 'amount': 3.0}
{'trade_seq': 1101, 'trade_id': '62587633', 'timestamp': 1582350289379, 'tick_direction': 1, 'price': 0.0175, 'iv': 49.01, 'instrument_name': 'BTC-28FEB20-9500-P', 'index_price': 9630.87, 'direction': 'buy', 'amount': 0.4}
{'trade_seq': 1100, 'trade_id': '62587632', 'timestamp': 1582350289379, 'tick_direction': 0, 'price': 0.0175, 'iv': 49.01, 'instrument_name': 'BTC-28FEB20-9500-P', 'index_price': 9630.87, 'direction': 'buy', 'amount': 0.1}
{'trade_seq': 1354, 'trade_id': '62588105', 'timestamp': 1582350318645, 'tick_direction': 2, 'price': 0.0115, 'iv': 48.48, 'instrument_name': 'BTC-28FEB20-10000-C', 'index_price': 9624.09, 'direction': 'sell', 'amount': 0.1}
{'trade_seq': 1355, 'trade_id': '62588609', 'timestamp': 1582350374065, 'tick_direction': 3, 'price': 0.0115, 'iv': 49.89, 'instrument_name': 'BTC-28FEB20-10000-C', 'index_price': 9604.93, 'direction': 'buy', 'amount': 2.9}
{'trade_seq': 69, 'trade_id': '62588947', 'timestamp': 1582350456594, 'tick_direction': 0, 'price': 0.0095, 'iv': 49.76, 'instrument_name': 'BTC-28FEB20-9250-P', 'index_price': 9623.88, 'direction': 'buy', 'amount': 0.3}
{'trade_seq': 1102, 'trade_id': '62589192', 'timestamp': 1582350627651, 'tick_direction': 2, 'price': 0.017, 'iv': 47.82, 'instrument_name': 'BTC-28FEB20-9500-P', 'index_price': 9629.86, 'direction': 'buy', 'amount': 0.1}
{'trade_seq': 894, 'trade_id': '62589248', 'timestamp': 1582350766282, 'tick_direction': 3, 'price': 0.0015, 'iv': 59.93, 'instrument_name': 'BTC-28FEB20-8500-P', 'index_price': 9626.03, 'direction': 'sell', 'amount': 0.1}
{'trade_seq': 103, 'trade_id': '62589794', 'timestamp': 1582351324223, 'tick_direction': 1, 'price': 0.029, 'iv': 45.14, 'instrument_name': 'BTC-28FEB20-9750-P', 'index_price': 9617.39, 'direction': 'buy', 'amount': 0.6}
{'trade_seq': 1356, 'trade_id': '62590157', 'timestamp': 1582351397370, 'tick_direction': 3, 'price': 0.0115, 'iv': 49.29, 'instrument_name': 'BTC-28FEB20-10000-C', 'index_price': 9613.48, 'direction': 'sell', 'amount': 0.1}
{'trade_seq': 104, 'trade_id': '62590264', 'timestamp': 1582351408929, 'tick_direction': 0, 'price': 0.03, 'iv': 45.68, 'instrument_name': 'BTC-28FEB20-9750-P', 'index_price': 9605.04, 'direction': 'buy', 'amount': 0.6}
{'trade_seq': 895, 'trade_id': '62590260', 'timestamp': 1582351405120, 'tick_direction': 3, 'price': 0.0015, 'iv': 59.23, 'instrument_name': 'BTC-28FEB20-8500-P', 'index_price': 9606.76, 'direction': 'sell', 'amount': 2.0}
{'trade_seq': 511, 'trade_id': '62590379', 'timestamp': 1582351426893, 'tick_direction': 0, 'price': 0.001, 'iv': 98.13, 'instrument_name': 'BTC-28FEB20-7500-P', 'index_price': 9608.0, 'direction': 'buy', 'amount': 3.0}
{'trade_seq': 203, 'trade_id': '62590463', 'timestamp': 1582351521967, 'tick_direction': 3, 'price': 0.0005, 'iv': 88.19, 'instrument_name': 'BTC-28FEB20-12500-C', 'index_price': 9611.22, 'direction': 'buy', 'amount': 2.0}
{'trade_seq': 1025, 'trade_id': '62590612', 'timestamp': 1582351601972, 'tick_direction': 3, 'price': 0.0015, 'iv': 60.18, 'instrument_name': 'BTC-28FEB20-11000-C', 'index_price': 9605.67, 'direction': 'sell', 'amount': 0.7}
{'trade_seq': 1024, 'trade_id': '62590611', 'timestamp': 1582351601972, 'tick_direction': 3, 'price': 0.0015, 'iv': 60.18, 'instrument_name': 'BTC-28FEB20-11000-C', 'index_price': 9605.67, 'direction': 'sell', 'amount': 0.3}
{'trade_seq': 400, 'trade_id': '62590621', 'timestamp': 1582351611973, 'tick_direction': 0, 'price': 0.001, 'iv': 84.52, 'instrument_name': 'BTC-28FEB20-12000-C', 'index_price': 9605.44, 'direction': 'buy', 'amount': 1.0}
{'trade_seq': 1358, 'trade_id': '62590924', 'timestamp': 1582351715433, 'tick_direction': 3, 'price': 0.011, 'iv': 48.99, 'instrument_name': 'BTC-28FEB20-10000-C', 'index_price': 9599.88, 'direction': 'sell', 'amount': 0.1}
{'trade_seq': 1357, 'trade_id': '62590923', 'timestamp': 1582351715433, 'tick_direction': 2, 'price': 0.011, 'iv': 48.99, 'instrument_name': 'BTC-28FEB20-10000-C', 'index_price': 9599.88, 'direction': 'sell', 'amount': 3.5}
{'trade_seq': 70, 'trade_id': '62590966', 'timestamp': 1582351725204, 'tick_direction': 2, 'price': 0.0085, 'iv': 45.36, 'instrument_name': 'BTC-28FEB20-9250-P', 'index_price': 9595.68, 'direction': 'sell', 'amount': 1.0}
{'trade_seq': 898, 'trade_id': '62590987', 'timestamp': 1582351737777, 'tick_direction': 1, 'price': 0.002, 'iv': 62.36, 'instrument_name': 'BTC-28FEB20-8500-P', 'index_price': 9594.48, 'direction': 'buy', 'amount': 8.1}
{'trade_seq': 897, 'trade_id': '62590986', 'timestamp': 1582351737766, 'tick_direction': 1, 'price': 0.002, 'iv': 62.36, 'instrument_name': 'BTC-28FEB20-8500-P', 'index_price': 9594.48, 'direction': 'buy', 'amount': 4.7}
{'trade_seq': 896, 'trade_id': '62590985', 'timestamp': 1582351737766, 'tick_direction': 0, 'price': 0.002, 'iv': 62.36, 'instrument_name': 'BTC-28FEB20-8500-P', 'index_price': 9594.48, 'direction': 'buy', 'amount': 10.0}
{'trade_seq': 899, 'trade_id': '62590997', 'timestamp': 1582351742064, 'tick_direction': 1, 'price': 0.002, 'iv': 62.3, 'instrument_name': 'BTC-28FEB20-8500-P', 'index_price': 9592.61, 'direction': 'buy', 'amount': 23.7}
{'trade_seq': 901, 'trade_id': '62591103', 'timestamp': 1582351751684, 'tick_direction': 1, 'price': 0.002, 'iv': 62.22, 'instrument_name': 'BTC-28FEB20-8500-P', 'index_price': 9590.25, 'direction': 'buy', 'amount': 8.1}
{'trade_seq': 900, 'trade_id': '62591084', 'timestamp': 1582351747117, 'tick_direction': 1, 'price': 0.002, 'iv': 62.26, 'instrument_name': 'BTC-28FEB20-8500-P', 'index_price': 9591.5, 'direction': 'buy', 'amount': 0.4}
{'trade_seq': 741, 'trade_id': '62591396', 'timestamp': 1582351766217, 'tick_direction': 0, 'price': 0.004, 'iv': 55.69, 'instrument_name': 'BTC-28FEB20-10500-C', 'index_price': 9583.74, 'direction': 'sell', 'amount': 0.1}
{'trade_seq': 1359, 'trade_id': '62592086', 'timestamp': 1582351879697, 'tick_direction': 2, 'price': 0.0105, 'iv': 48.72, 'instrument_name': 'BTC-28FEB20-10000-C', 'index_price': 9589.58, 'direction': 'buy', 'amount': 1.0}
{'trade_seq': 71, 'trade_id': '62592243', 'timestamp': 1582352129769, 'tick_direction': 0, 'price': 0.009, 'iv': 46.09, 'instrument_name': 'BTC-28FEB20-9250-P', 'index_price': 9585.74, 'direction': 'buy', 'amount': 2.0}
{'trade_seq': 742, 'trade_id': '62592382', 'timestamp': 1582352184350, 'tick_direction': 1, 'price': 0.004, 'iv': 56.0, 'instrument_name': 'BTC-28FEB20-10500-C', 'index_price': 9578.08, 'direction': 'sell', 'amount': 0.1}
{'trade_seq': 1360, 'trade_id': '62592530', 'timestamp': 1582352362012, 'tick_direction': 3, 'price': 0.0105, 'iv': 48.49, 'instrument_name': 'BTC-28FEB20-10000-C', 'index_price': 9592.63, 'direction': 'buy', 'amount': 1.0}
{'trade_seq': 72, 'trade_id': '62592543', 'timestamp': 1582352375011, 'tick_direction': 2, 'price': 0.0085, 'iv': 45.3, 'instrument_name': 'BTC-28FEB20-9250-P', 'index_price': 9592.66, 'direction': 'sell', 'amount': 1.0}
{'trade_seq': 73, 'trade_id': '62592672', 'timestamp': 1582352427657, 'tick_direction': 3, 'price': 0.0085, 'iv': 45.5, 'instrument_name': 'BTC-28FEB20-9250-P', 'index_price': 9596.41, 'direction': 'buy', 'amount': 1.0}
{'trade_seq': 743, 'trade_id': '62592948', 'timestamp': 1582352773163, 'tick_direction': 1, 'price': 0.004, 'iv': 55.32, 'instrument_name': 'BTC-28FEB20-10500-C', 'index_price': 9593.15, 'direction': 'sell', 'amount': 0.1}
{'trade_seq': 78, 'trade_id': '62592956', 'timestamp': 1582352782497, 'tick_direction': 3, 'price': 0.0025, 'iv': 58.39, 'instrument_name': 'BTC-28FEB20-10750-C', 'index_price': 9593.38, 'direction': 'sell', 'amount': 0.1}
{'trade_seq': 77, 'trade_id': '62592955', 'timestamp': 1582352782497, 'tick_direction': 2, 'price': 0.0025, 'iv': 58.39, 'instrument_name': 'BTC-28FEB20-10750-C', 'index_price': 9593.38, 'direction': 'sell', 'amount': 0.1}
{'trade_seq': 1026, 'trade_id': '62592960', 'timestamp': 1582352787997, 'tick_direction': 3, 'price': 0.0015, 'iv': 60.67, 'instrument_name': 'BTC-28FEB20-11000-C', 'index_price': 9593.38, 'direction': 'sell', 'amount': 9.3}
{'trade_seq': 30, 'trade_id': '62592965', 'timestamp': 1582352794082, 'tick_direction': 2, 'price': 0.001, 'iv': 63.9, 'instrument_name': 'BTC-28FEB20-11250-C', 'index_price': 9593.95, 'direction': 'sell', 'amount': 0.3}
{'trade_seq': 1361, 'trade_id': '62592995', 'timestamp': 1582352853822, 'tick_direction': 0, 'price': 0.011, 'iv': 49.52, 'instrument_name': 'BTC-28FEB20-10000-C', 'index_price': 9594.02, 'direction': 'buy', 'amount': 0.2}
{'trade_seq': 744, 'trade_id': '62592996', 'timestamp': 1582352870897, 'tick_direction': 1, 'price': 0.004, 'iv': 55.3, 'instrument_name': 'BTC-28FEB20-10500-C', 'index_price': 9593.58, 'direction': 'sell', 'amount': 0.1}
{'trade_seq': 80, 'trade_id': '62593001', 'timestamp': 1582352889932, 'tick_direction': 3, 'price': 0.0025, 'iv': 58.37, 'instrument_name': 'BTC-28FEB20-10750-C', 'index_price': 9593.79, 'direction': 'sell', 'amount': 0.1}
{'trade_seq': 79, 'trade_id': '62593000', 'timestamp': 1582352889932, 'tick_direction': 3, 'price': 0.0025, 'iv': 58.37, 'instrument_name': 'BTC-28FEB20-10750-C', 'index_price': 9593.79, 'direction': 'sell', 'amount': 0.1}
{'trade_seq': 1363, 'trade_id': '62593204', 'timestamp': 1582353088271, 'tick_direction': 1, 'price': 0.0115, 'iv': 50.14, 'instrument_name': 'BTC-28FEB20-10000-C', 'index_price': 9601.8, 'direction': 'buy', 'amount': 0.1}
{'trade_seq': 1362, 'trade_id': '62593203', 'timestamp': 1582353088271, 'tick_direction': 0, 'price': 0.0115, 'iv': 50.14, 'instrument_name': 'BTC-28FEB20-10000-C', 'index_price': 9601.8, 'direction': 'buy', 'amount': 0.2}
{'trade_seq': 77, 'trade_id': '62593377', 'timestamp': 1582353293612, 'tick_direction': 2, 'price': 0.02, 'iv': 48.48, 'instrument_name': 'BTC-28FEB20-9750-C', 'index_price': 9614.62, 'direction': 'buy', 'amount': 0.1}
{'trade_seq': 1103, 'trade_id': '62593385', 'timestamp': 1582353307452, 'tick_direction': 0, 'price': 0.0175, 'iv': 47.65, 'instrument_name': 'BTC-28FEB20-9500-P', 'index_price': 9615.33, 'direction': 'sell', 'amount': 5.8}
{'trade_seq': 1059, 'trade_id': '62593768', 'timestamp': 1582353846441, 'tick_direction': 1, 'price': 0.0055, 'iv': 53.37, 'instrument_name': 'BTC-28FEB20-9000-P', 'index_price': 9611.34, 'direction': 'buy', 'amount': 1.0}
{'trade_seq': 1058, 'trade_id': '62593767', 'timestamp': 1582353846441, 'tick_direction': 0, 'price': 0.0055, 'iv': 53.37, 'instrument_name': 'BTC-28FEB20-9000-P', 'index_price': 9611.34, 'direction': 'buy', 'amount': 1.0}
{'trade_seq': 1364, 'trade_id': '62594321', 'timestamp': 1582354098462, 'tick_direction': 0, 'price': 0.012, 'iv': 49.91, 'instrument_name': 'BTC-28FEB20-10000-C', 'index_price': 9624.04, 'direction': 'buy', 'amount': 0.2}
{'trade_seq': 74, 'trade_id': '62594387', 'timestamp': 1582354165978, 'tick_direction': 0, 'price': 0.0095, 'iv': 50.04, 'instrument_name': 'BTC-28FEB20-9250-P', 'index_price': 9625.25, 'direction': 'buy', 'amount': 1.7}
{'trade_seq': 902, 'trade_id': '62594456', 'timestamp': 1582354366708, 'tick_direction': 2, 'price': 0.0015, 'iv': 59.94, 'instrument_name': 'BTC-28FEB20-8500-P', 'index_price': 9620.98, 'direction': 'sell', 'amount': 0.1}
{'trade_seq': 745, 'trade_id': '62594473', 'timestamp': 1582354642262, 'tick_direction': 1, 'price': 0.004, 'iv': 54.25, 'instrument_name': 'BTC-28FEB20-10500-C', 'index_price': 9619.07, 'direction': 'sell', 'amount': 0.1}
{'trade_seq': 82, 'trade_id': '62594475', 'timestamp': 1582354650363, 'tick_direction': 3, 'price': 0.0025, 'iv': 57.36, 'instrument_name': 'BTC-28FEB20-10750-C', 'index_price': 9621.48, 'direction': 'sell', 'amount': 0.1}
{'trade_seq': 81, 'trade_id': '62594474', 'timestamp': 1582354650363, 'tick_direction': 3, 'price': 0.0025, 'iv': 57.36, 'instrument_name': 'BTC-28FEB20-10750-C', 'index_price': 9621.48, 'direction': 'sell', 'amount': 0.1}
{'trade_seq': 1064, 'trade_id': '62594527', 'timestamp': 1582354788181, 'tick_direction': 3, 'price': 0.005, 'iv': 51.95, 'instrument_name': 'BTC-28FEB20-9000-P', 'index_price': 9614.78, 'direction': 'buy', 'amount': 1.0}
{'trade_seq': 1063, 'trade_id': '62594526', 'timestamp': 1582354788181, 'tick_direction': 3, 'price': 0.005, 'iv': 51.95, 'instrument_name': 'BTC-28FEB20-9000-P', 'index_price': 9614.78, 'direction': 'buy', 'amount': 1.0}
{'trade_seq': 1062, 'trade_id': '62594525', 'timestamp': 1582354788181, 'tick_direction': 3, 'price': 0.005, 'iv': 51.95, 'instrument_name': 'BTC-28FEB20-9000-P', 'index_price': 9614.78, 'direction': 'buy', 'amount': 1.0}
{'trade_seq': 1061, 'trade_id': '62594524', 'timestamp': 1582354788181, 'tick_direction': 3, 'price': 0.005, 'iv': 51.95, 'instrument_name': 'BTC-28FEB20-9000-P', 'index_price': 9614.78, 'direction': 'buy', 'amount': 1.0}
{'trade_seq': 1060, 'trade_id': '62594523', 'timestamp': 1582354788181, 'tick_direction': 2, 'price': 0.005, 'iv': 51.95, 'instrument_name': 'BTC-28FEB20-9000-P', 'index_price': 9614.78, 'direction': 'buy', 'amount': 0.1}
{'trade_seq': 75, 'trade_id': '62594842', 'timestamp': 1582355224649, 'tick_direction': 0, 'price': 0.01, 'iv': 49.86, 'instrument_name': 'BTC-28FEB20-9250-P', 'index_price': 9604.05, 'direction': 'buy', 'amount': 0.2}
{'trade_seq': 1105, 'trade_id': '62594904', 'timestamp': 1582355330260, 'tick_direction': 1, 'price': 0.018, 'iv': 48.14, 'instrument_name': 'BTC-28FEB20-9500-P', 'index_price': 9607.56, 'direction': 'buy', 'amount': 0.8}
{'trade_seq': 1104, 'trade_id': '62594903', 'timestamp': 1582355330260, 'tick_direction': 0, 'price': 0.018, 'iv': 48.14, 'instrument_name': 'BTC-28FEB20-9500-P', 'index_price': 9607.56, 'direction': 'buy', 'amount': 0.2}
{'trade_seq': 1365, 'trade_id': '62595849', 'timestamp': 1582357247607, 'tick_direction': 2, 'price': 0.011, 'iv': 47.89, 'instrument_name': 'BTC-28FEB20-10000-C', 'index_price': 9622.45, 'direction': 'buy', 'amount': 0.1}
{'trade_seq': 749, 'trade_id': '62595974', 'timestamp': 1582357636171, 'tick_direction': 0, 'price': 0.0485, 'iv': 50.95, 'instrument_name': 'BTC-28FEB20-10000-P', 'index_price': 9619.6, 'direction': 'buy', 'amount': 0.5}
{'trade_seq': 1106, 'trade_id': '62596833', 'timestamp': 1582359167204, 'tick_direction': 2, 'price': 0.017, 'iv': 47.72, 'instrument_name': 'BTC-28FEB20-9500-P', 'index_price': 9624.05, 'direction': 'sell', 'amount': 0.1}
{'trade_seq': 76, 'trade_id': '62596844', 'timestamp': 1582359190714, 'tick_direction': 2, 'price': 0.008, 'iv': 46.35, 'instrument_name': 'BTC-28FEB20-9250-P', 'index_price': 9624.22, 'direction': 'sell', 'amount': 1.0}
{'trade_seq': 1107, 'trade_id': '62596845', 'timestamp': 1582359194430, 'tick_direction': 3, 'price': 0.017, 'iv': 47.73, 'instrument_name': 'BTC-28FEB20-9500-P', 'index_price': 9624.15, 'direction': 'buy', 'amount': 0.9}
{'trade_seq': 77, 'trade_id': '62596849', 'timestamp': 1582359231131, 'tick_direction': 0, 'price': 0.009, 'iv': 48.85, 'instrument_name': 'BTC-28FEB20-9250-P', 'index_price': 9623.07, 'direction': 'buy', 'amount': 1.0}
{'trade_seq': 61, 'trade_id': '62596883', 'timestamp': 1582359370286, 'tick_direction': 3, 'price': 0.0025, 'iv': 54.98, 'instrument_name': 'BTC-28FEB20-8750-P', 'index_price': 9620.53, 'direction': 'sell', 'amount': 0.1}
{'trade_seq': 84, 'trade_id': '62596893', 'timestamp': 1582359459747, 'tick_direction': 3, 'price': 0.0025, 'iv': 57.64, 'instrument_name': 'BTC-28FEB20-10750-C', 'index_price': 9621.03, 'direction': 'sell', 'amount': 0.1}
{'trade_seq': 83, 'trade_id': '62596892', 'timestamp': 1582359459747, 'tick_direction': 3, 'price': 0.0025, 'iv': 57.64, 'instrument_name': 'BTC-28FEB20-10750-C', 'index_price': 9621.03, 'direction': 'sell', 'amount': 0.1}
{'trade_seq': 645, 'trade_id': '62596909', 'timestamp': 1582359497156, 'tick_direction': 3, 'price': 0.0335, 'iv': 48.92, 'instrument_name': 'BTC-28FEB20-9500-C', 'index_price': 9622.92, 'direction': 'buy', 'amount': 3.0}
{'trade_seq': 746, 'trade_id': '62596911', 'timestamp': 1582359522250, 'tick_direction': 1, 'price': 0.004, 'iv': 54.29, 'instrument_name': 'BTC-28FEB20-10500-C', 'index_price': 9623.14, 'direction': 'sell', 'amount': 0.1}
{'trade_seq': 1108, 'trade_id': '62597137', 'timestamp': 1582359812888, 'tick_direction': 3, 'price': 0.017, 'iv': 48.07, 'instrument_name': 'BTC-28FEB20-9500-P', 'index_price': 9627.41, 'direction': 'buy', 'amount': 2.3}
{'trade_seq': 1065, 'trade_id': '62597254', 'timestamp': 1582359967241, 'tick_direction': 2, 'price': 0.0045, 'iv': 51.34, 'instrument_name': 'BTC-28FEB20-9000-P', 'index_price': 9632.39, 'direction': 'sell', 'amount': 40.0}
{'trade_seq': 490, 'trade_id': '62597255', 'timestamp': 1582359984496, 'tick_direction': 3, 'price': 0.0005, 'iv': 63.29, 'instrument_name': 'BTC-28FEB20-11500-C', 'index_price': 9631.62, 'direction': 'sell', 'amount': 3.2}
{'trade_seq': 85, 'trade_id': '62597293', 'timestamp': 1582360006272, 'tick_direction': 2, 'price': 0.002, 'iv': 54.35, 'instrument_name': 'BTC-28FEB20-10750-C', 'index_price': 9632.02, 'direction': 'sell', 'amount': 0.1}
